1747 2820
878 137 902 175 8

178 256 435 295 Hannibalem
463 255 554 293 litus
582 255 833 306 Thrasymeni
866 255 972 293 lacus
999 254 1047 293 ad
1075 255 1223 293 laevam
1250 254 1440 301 habuisse,
1467 252 1516 292 ad
1543 253 1597 292 al-

178 325 299 360 teram
317 333 411 359 vero
439 324 586 372 partem
613 320 653 357 in
681 319 875 358 montibus
903 318 1062 358 insidias
1089 319 1274 371 posuisse.
1319 318 1410 357 Non
1436 322 1598 370 possunt

178 386 307 436 itaque
326 384 503 432 Romani,
531 385 596 435 qui
614 383 1002 435 Karthaginiensibus
1023 384 1174 422 obversi
1203 388 1319 431 erant,
1347 384 1489 434 pariter
1506 383 1597 421 litus

179 453 219 488 et
244 448 370 488 lacum
398 447 448 487 ad
475 448 623 487 laevam
650 447 800 487 habere.
856 447 968 487 Cluv.
987 448 1010 487 1.
1029 448 1085 497 Π,
1112 444 1243 500 Antiq.
1263 460 1343 500 cap.
1361 446 1439 496 III,
1466 461 1502 499 p.
1520 448 1595 486 585

180 514 390 553 scribarum
410 527 575 552 errorem
595 526 679 552 esse
707 518 828 564 putat,
856 518 895 551 et
921 513 1123 564 legendum
1150 513 1307 561 „dextra
1335 512 1596 563 stagnantibus

178 578 324 617 undis“.
381 577 459 617 Sed
492 577 595 616 idem
632 577 748 616 Silius
776 577 800 615 l.
827 577 906 625 IV,
935 591 970 616 v.
1000 579 1076 617 826
1111 578 1166 616 ita
1199 578 1416 629 loquentem
1448 576 1597 614 Hanni-
1667 600 1675 606 -

178 644 303 682 balem
329 643 492 682 inducit:
520 643 604 692 „Tu
630 643 762 682 laevos
789 644 945 694 propior
963 643 1080 682 colles
1108 643 1246 682 accede
1266 643 1465 694 Choaspe“
1491 641 1597 692 Ergo

177 708 319 745 Poenis
357 720 436 745 non
474 707 565 745 litus
593 707 861 758 Thrasymeni,
900 706 969 745 sed
1008 707 1124 745 colles
1164 706 1213 745 ad
1245 707 1392 745 laevam
1425 705 1597 744 fuerunt:

176 773 362 812 Romanis
391 786 484 812 vero
512 771 586 812 hoc
612 771 697 811 loco
715 771 999 824 Thrasymenus
1027 772 1144 811 lacus.
1185 772 1315 819 Quare
1344 772 1470 810 omnia
1496 775 1598 810 recte

176 837 398 887 procedent,
424 838 457 874 si
476 842 628 874 servata
655 825 830 874 hocloco
849 842 1004 887 recepta
1023 837 1220 886 scriptura,
1249 850 1362 887 supra
1380 850 1417 873 v.
1432 838 1457 873 4
1475 836 1597 885 legas:

176 901 256 950 „At
282 905 390 954 parte
419 914 440 940 e
465 900 600 941 dextra
627 905 850 953 restagnans
877 900 1027 953 gurgite
1048 905 1169 940 vasto.
1205 900 1292 940 Nisi
1322 901 1449 953 potius
1477 899 1598 953 ipsius

178 966 262 1005 Silii
282 980 387 1005 error
406 966 681 1005 existimandus
708 968 768 1014 sit,
797 966 947 1017 qualem
967 971 1006 1004 et
1032 966 1130 1004 infra
1157 968 1289 1004 notavi
1316 966 1381 1004 lib.
1395 965 1471 1012 IX,
1487 967 1598 1003 268“.

306 1030 396 1079 Qua
434 1032 474 1070 in
512 1030 820 1070 Drakenborchii
859 1031 1184 1083 argumentatione
1223 1030 1405 1070 nonnulla
1444 1028 1598 1082 quidem

175 1097 390 1147 probanda,
430 1096 499 1134 sed
539 1097 650 1147 plura
687 1096 938 1147 improbanda
978 1110 1061 1134 esse
1100 1097 1194 1133 mihi
1232 1096 1421 1134 videntur.
1476 1096 1597 1133 Recte

176 1159 331 1213 quidem
362 1161 421 1199 vir
448 1159 583 1199 doctus
612 1159 735 1209 docet,
764 1174 850 1199 cum
878 1174 914 1199 v.
944 1162 1022 1200 824
1051 1160 1256 1213 superioris
1284 1159 1371 1199 libri
1399 1159 1598 1208 diceretur,

176 1226 293 1264 colles
323 1226 465 1264 Poenis
494 1225 544 1264 ad
570 1226 719 1264 laevam
747 1226 879 1273 fuisse,
907 1226 997 1264 litus
1020 1226 1311 1264 Trasimennum
1338 1224 1547 1262 Hannibali
1575 1238 1598 1262 a

176 1290 287 1329 laeva
314 1294 423 1342 parte
450 1289 573 1329 fuisse
600 1303 677 1329 non
705 1303 832 1342 posse,
861 1304 947 1328 cum
966 1290 1223 1329 Hannibalem
1249 1289 1416 1328 frontem
1435 1289 1596 1327 vertisse

175 1369 362 1406 nusquam
390 1360 641 1393 memoratum
661 1356 720 1393 sit.
759 1355 835 1394 Sed
864 1355 1025 1394 forsitan
1044 1356 1232 1406 quispiam
1251 1355 1406 1393 dixerit:
1435 1354 1596 1402 „Nonne

175 1419 239 1458 ille
260 1432 395 1459 versus
416 1421 495 1458 824
522 1419 609 1458 libri
638 1419 845 1472 superioris
875 1420 970 1458 vitio
997 1420 1167 1459 laborare
1196 1423 1334 1471 potest,
1361 1420 1426 1467 ita,
1453 1423 1497 1457 ut
1524 1418 1596 1456 hoc

174 1486 260 1525 loco
295 1485 487 1525 »dextros«
515 1490 554 1524 et
586 1485 751 1524 »laevos«
784 1490 930 1524 mutata
963 1486 1086 1525 sint?“
1142 1484 1220 1524 Sed
1252 1485 1409 1524 frustra!
1464 1484 1597 1525 Voca-

174 1550 307 1589 bulum
336 1550 437 1589 enim
464 1550 643 1599 ‚,laevos“
670 1552 718 1600 (v'.
748 1552 826 1589 824
859 1550 883 1589 l.
911 1550 990 1600 IV)
1019 1551 1301 1602 integerrimum
1331 1563 1425 1598 esse,
1453 1548 1596 1601 liquide

174 1620 282 1668 patet
318 1629 366 1654 ex
398 1616 581 1666 Polybii1
620 1616 765 1654 verbis:
810 1613 885 1665 „⁰0
912 1632 953 1668 γε
979 1614 1056 1670 μὴν
1095 1612 1274 1667 Ἀννίβας
1312 1612 1394 1666 ἅμα
1433 1615 1505 1666 μὲν
1544 1614 1597 1662 εἷς

174 1679 455 1734 τοῦμπροσθεν
488 1676 541 1729 ὥς
573 1679 679 1733 πρὸς
711 1679 780 1734 τὴν
812 1677 967 1735 (Ρώμην
1000 1678 1143 1735 προῄει
1178 1678 1243 1720 διὰ
1277 1683 1346 1734 τῆς
1384 1678 1597 1734 Τυρρηνίας

175 1741 370 1798 εὗώνυμον
397 1746 470 1798 μὲν
497 1743 619 1787 πόλιν
648 1744 744 1796 ἔχων
771 1744 841 1800 τὴν
869 1745 1255 1801 προσαγορευομένην
1275 1743 1502 1798 Κορτιύνιαν
1529 1744 1597 1785 καὶ

174 1809 222 1850 τὰ
250 1809 394 1865 ταύτης
422 1807 507 1865 ὅρη,
542 1809 672 1859 δεξιὰν
700 1811 744 1850 δὲ
778 1809 847 1864 τὴν
880 1811 1123 1864 Ταρσιμένην
1156 1810 1396 1863 καλουμένην
1423 1809 1596 1863 λίμνην.“

174 1874 337 1913 Minime
373 1874 490 1927 igitur
517 1873 675 1914 dubium
712 1879 781 1922 est,
814 1874 906 1927 quin
944 1874 1049 1913 lacus
1078 1874 1349 1913 Trasimennus
1377 1872 1596 1921 Hannibali,

174 1955 261 1979 cum
289 1940 328 1978 in
357 1940 492 1979 itinere
513 1945 625 1988 esset,
653 1940 702 1978 ad
731 1939 904 1978 dextram
927 1940 1066 1978 fuerit..
1113 1939 1191 1978 Sed
1218 1939 1307 1978 inde
1335 1952 1491 1991 prorsus
1519 1952 1596 1976 non

174 2019 261 2044 cum
278 2004 596 2044 Drakenborchio
615 2005 749 2057 iisque,
776 2004 842 2057 qui
870 2004 917 2044 ab
937 2018 982 2043 eo
1003 2009 1119 2053 stantJ
1140 2003 1316 2043 concludi
1343 2004 1443 2052 licet,
1463 2016 1595 2042 vocem

172 2072 328 2119 „laeva“
356 2086 391 2110 v.
411 2073 436 2109 4
465 2071 505 2108 in
532 2070 713 2119 ‚,dextra“
740 2070 959 2109 mutandam
988 2084 1083 2109 esse.
1129 2069 1320 2121 Equidem
1349 2070 1422 2108 alia
1448 2070 1595 2107 ratione

173 2136 380 2188 magisque,
413 2140 457 2174 ut
490 2149 578 2188 spes
606 2149 667 2174 me
696 2140 812 2184 tenet,
848 2139 938 2188 apta
965 2135 1195 2174 vocabulum
1229 2135 1382 2184 ‚‚laeva“
1411 2148 1448 2173 v.
1476 2136 1501 2172 4
1530 2147 1595 2172 ex-

173 2202 320 2252 planari
348 2214 463 2252 posse
492 2201 681 2248 existimo,
714 2200 816 2251 quod
850 2200 951 2239 infra
984 2200 1264 2239 demonstrabo.
1319 2200 1378 2239 Ut
1410 2201 1449 2237 in
1478 2212 1596 2250 expo-

172 2265 299 2305 nenda
327 2265 633 2304 Drakenborchii
662 2265 851 2304 sententia
882 2278 1049 2317 pergam,
1077 2266 1138 2304 vir
1165 2264 1300 2303 doctus
1329 2262 1595 2316 adstipulanti-

172 2331 245 2370 bus
279 2331 461 2369 Ernestio
496 2335 536 2369 et
568 2323 756 2383 Rupertio
789 2344 861 2382 pro
895 2335 1000 2369 certo
1035 2330 1199 2369 affirmat
1233 2329 1334 2380 (vide
1370 2330 1451 2368 eius
1485 2342 1594 2380 argu-

304 2473 314 2491 ¹
338 2472 519 2514 Historiae,
542 2472 563 2504 l.
588 2472 655 2504 ΙΙΙ,
680 2482 750 2514 cap.
774 2472 827 2513 82,
850 2482 978 2515 paragr.
1004 2471 1066 2504 IX.
