1747 2820
857 117 907 160 29

178 231 256 280 'Sed
297 234 386 279 huic
427 239 730 292 interpretationi
774 240 886 280 valde
927 245 1140 293 repugnant
1180 240 1308 288 verba,
1349 254 1445 292 quae
1488 242 1589 279 certe

178 304 294 344 Silius
334 305 503 345 scribens
542 310 629 344 ante
669 304 798 344 oculos
837 305 1013 354 habebat,
1050 306 1153 345 Livii
1194 305 1338 356 (XXII
1368 308 1402 354 9,
1432 308 1489 355 3):
1527 306 1590 354 „in

176 383 307 421 agrum
334 370 516 409 Picenum
550 370 689 409 avertit
727 370 801 409 iter
840 384 918 409 non
958 371 1067 422 copia
1109 371 1232 410 solum
1274 371 1397 409 omnis
1438 370 1589 421 generis

176 434 329 485 frugum
347 434 613 482 abundantem,
628 434 698 473 sed
714 434 896 473 refertum
912 434 1065 487 praeda,
1079 449 1192 486 quam
1211 434 1332 474 effuse
1351 434 1457 473 avidi
1476 439 1589 484 atque

177 503 332 550 egentes
360 499 591 550 rapiebant.“
634 498 862 538 Hannibalis
890 499 1029 538 milites
1047 499 1183 539 Livius
1211 499 1273 538 hic
1301 498 1395 538 dicit
1423 504 1590 550 egentem,

177 576 290 614 quam
318 563 367 602 ob
394 576 474 602 rem
501 563 696 602 Hannibal
734 576 810 602 non
843 563 976 612 „dives
1014 563 1200 616 praedae“
1226 564 1412 602 nominari
1451 568 1589 615 potest.

177 628 377 667 Ernestius
405 628 455 667 ad
482 628 763 668 defendendum
801 628 933 678 „dives
971 628 1157 681 praedae“
1194 629 1253 668 his
1281 629 1409 668 verbis
1449 629 1588 667 utitur:

137 692 139 695 ’
176 693 347 744 „Nempe
375 694 440 744 qui
468 707 509 731 se
528 694 691 744 primum
717 693 845 731 fundit
871 694 911 731 in
939 707 1049 744 agros
1077 693 1284 745 populandi
1313 698 1352 731 et
1379 693 1588 744 praedandi

177 771 302 806 causa,
338 757 506 796 nondum
533 759 675 797 dives
701 763 764 802 ‚est
790 758 965 810 praedae,
993 759 1026 797 si
1055 758 1244 797 subtiliter
1271 757 1466 810 disputare
1497 757 1589 796 veli-

177 835 273 860 mus.
328 822 405 860 Sed
441 822 510 860 has
546 822 671 859 iudico
707 823 873 873 argutias
911 836 1016 870 esse,
1060 836 1154 872 quas
1198 835 1275 859 non
1313 822 1424 859 facile
1460 822 1590 859 ferunt

177 890 346 938 poetae.“
414 886 618 934 Quomodo
659 886 862 926 Ernestius
903 887 1030 926 locum
1071 887 1190 939 accipi
1233 886 1337 935 velit,
1379 885 1589 938 Rupertius

178 952 314 990 clarius
348 953 402 990 ita
429 953 624 1002 exprimit:
655 966 913 1003 „consequens
941 953 1056 990 etiam
1082 966 1152 1003 pro
1180 951 1419 990 antecedenti
1447 953 1589 1002 passim

177 1016 365 1067 ponitur.“
420 1015 519 1054 Sane
546 1015 619 1053 hoc
657 1016 710 1064 fit,
749 1015 818 1054 sed
856 1015 988 1064 „dives
1016 1015 1202 1067 praedae“
1241 1015 1344 1053 nullo
1384 1014 1498 1053 modo
1536 1016 1590 1052 ita

178 1080 356 1133 explicari
383 1095 508 1132 posse,
545 1081 578 1120 si
604 1080 706 1120 hunc
733 1080 1007 1121 adiectivorum
1035 1095 1146 1120 usum
1164 1081 1321 1133 propius
1351 1081 1590 1133 perspexeri-

177 1158 273 1192 mus,
312 1145 411 1183 clare
439 1145 701 1195 intelligemus.
756 1146 927 1183 Primum
955 1146 1067 1193 enim,
1103 1151 1146 1183 ut
1181 1144 1411 1184 adiectivum
1439 1145 1588 1183 obiecto

177 1223 253 1248 non
282 1209 452 1249 subiecto
480 1209 702 1249 attributum
731 1210 791 1259 sit,
818 1210 1041 1263 postulatur,
1069 1216 1151 1249 tum
1178 1209 1229 1258 id,
1267 1208 1370 1261 quod
1398 1208 1588 1248 adiectivo

178 1288 399 1325 expressum
427 1281 496 1321 est,
535 1276 720 1312 enuntiati
748 1276 865 1313 verbo
893 1281 960 1312 aut
993 1276 1067 1312 alio
1096 1276 1280 1312 enuntiati
1308 1275 1477 1312 membro
1507 1275 1588 1311 effi-

177 1339 307 1387 ciatur,
342 1352 499 1378 necesse
528 1343 596 1378 est.
651 1338 697 1378 Ε.
724 1352 759 1391 g.
788 1338 854 1378 cfr.
883 1338 1003 1391 Verg.
1031 1339 1129 1378 Aen.
1157 1338 1190 1387 I,
1219 1339 1269 1377 69
1307 1338 1588 1378 submersas

178 1404 295 1442 obrue
314 1418 462 1455 puppes
482 1405 504 1442 i.
525 1417 556 1442 e.
576 1404 694 1442 obrue
713 1418 874 1455 puppes,
892 1410 935 1442 ut
954 1405 1253 1454 submergantur.
1282 1404 1398 1441 Plura
1416 1405 1589 1454 exempla

178 1467 410 1506 desideranti
449 1467 637 1506 Kiihnerl
679 1481 857 1520 magnum
898 1481 1096 1506 numerum
1138 1466 1408 1520 suppeditabit.
1475 1467 1589 1505 Lese-

176 1533 306 1571 buri-us
334 1547 404 1583 pro
431 1532 596 1580 ,‚dives“,
622 1532 767 1580 „dites“
794 1534 1032 1571 coniectavit.
1087 1534 1147 1571 Ac
1174 1547 1222 1571 ne
1248 1533 1318 1570 hac
1346 1532 1499 1583 quidem
1526 1546 1589 1570 co—

177 1597 346 1636 niectura
372 1596 578 1650 quidquam
611 1597 789 1646 efficitur,
824 1597 898 1636 nisi
932 1611 1018 1636 cum
1046 1597 1222 1637 Livineio
1258 1610 1328 1649 pro
1363 1596 1590 1646 ,‚Picenum“

176 1663 420 1711 ‚‚Picentum“
447 1664 737 1714 reposuerimus.
783 1662 914 1704 Valde
942 1668 1068 1701 autem
1096 1663 1326 1710 cavebimus,
1354 1676 1401 1701 ne
1429 1662 1523 1713 quid
1549 1663 1588 1700 in

177 1726 326 1766 traditis
367 1727 494 1766 verbis
522 1732 722 1776 mutemus,
763 1740 849 1766 cum
884 1727 977 1765 haec
1011 1727 1152 1779 optime
1188 1740 1230 1765 se
1265 1727 1439 1774 habeant,
1481 1726 1589 1764 dum-

177 1792 290 1832 modo
318 1799 407 1845 post
433 1798 589 1844 ,‚agros“
615 1807 762 1832 comma
796 1798 970 1845 ponatur.
1008 1793 1236 1841 ,‚Picenum“
1269 1793 1370 1832 enim
1405 1792 1477 1831 hoc
1504 1792 1587 1831 loco

176 1858 414 1896 accusativus
444 1862 513 1905 est,
541 1857 755 1907 significans
780 1857 963 1895 Picenum
981 1858 1226 1908 provinciam,
1254 1870 1328 1907 quo
1347 1856 1587 1895 referendum

164 1927 236 1961 vest
273 1921 404 1970 „dives
432 1920 618 1974 praedae“
656 1926 695 1960 et
732 1921 827 1960 haec
865 1922 983 1961 verba
1022 1921 1227 1970 „Picenum
1267 1921 1375 1961 dives
1403 1920 1588 1973 praedae“

176 1987 427 2039 appositionis
455 2000 551 2038 quae
570 1992 728 2025 vocatur
745 1986 880 2035 forma,
908 2000 996 2025 cum
1014 1987 1274 2025 antecedentis
1303 1999 1437 2025 versus
1459 1986 1587 2024 verbis

175 2051 390 2101 ,‚PaHadios
423 2056 557 2103 agros“
591 2050 853 2103 coniungenda
892 2056 991 2090 sunt.
1046 2051 1089 2090 Si
1115 2052 1169 2089 ita
1197 2051 1432 2103 explicantur
1459 2050 1588 2099 verba,

175 2116 308 2165 „dives
335 2117 522 2168 praedae“
549 2118 691 2168 optime
719 2116 903 2168 quadrare
932 2117 981 2155 ad
1008 2117 1212 2156 Livianum
1239 2115 1350 2154 illud:
1384 2115 1588 2163 „refertum

176 2181 372 2233 praedae“,
413 2186 456 2219 ut
482 2181 578 2230 loco,
618 2194 730 2233 quem
758 2181 872 2220 modo
898 2181 1051 2221 laudavi
1086 2181 1272 2229 „Picenus
1300 2185 1412 2232 ager“
1439 2180 1588 2228 dicitur,

177 2260 289 2285 nemo
307 2252 431 2298 neget.
471 2246 678 2286 Adiectivo
704 2246 860 2295 ,‚dives“
888 2248 969 2285 sine
996 2246 1235 2285 substantivo
1262 2246 1406 2284 nomini
1433 2247 1588 2297 proprio

306 2400 317 2417 ¹
342 2399 382 2431 R.
406 2399 566 2439 Kiihner,
600 2399 837 2432 Ausfiihrliche
860 2397 1071 2432 Grammatik
1101 2397 1160 2431 der
1191 2397 1407 2431 lateinischen
1431 2397 1586 2440 Sprache.

175 2452 211 2484 T.
236 2453 283 2484 ΙΙ.
307 2463 339 2496 p.
365 2455 392 2485 1.
417 2455 434 2495 g
457 2455 508 2486 64.
