1747 2820
845 105 895 145 33

164 226 313 266 tissima
338 224 412 264 hoc
443 226 528 264 loco
556 238 641 264 esse
668 225 761 263 mihi
787 224 967 264 videntur
993 224 1121 273 verba,
1148 224 1286 275 quibus
1313 222 1472 263 Modius
1500 221 1574 264 alio

152 290 260 340 loco,
287 287 363 342 quo
391 288 485 328 dicit
516 288 565 328 de
593 289 748 341 vulgata
779 288 943 328 lectione
975 302 1063 338 „ore
1091 302 1186 341 puer
1212 289 1394 341 puerique
1421 289 1576 328 habitu“

164 370 256 396 usus
275 360 353 395 est:
380 355 550 406 „Malam
566 369 658 404 rem,
675 360 720 393 ut
745 355 854 406 pueri
880 354 1014 394 habitu
1030 355 1070 393 in
1088 355 1208 394 aciem
1226 354 1466 394 descenderit
1482 355 1575 394 Piso

163 421 239 470 ille,
266 434 379 473 quem
406 420 460 459 ait
485 425 600 473 poeta
626 424 750 459 aetate
774 419 898 458 adhuc
924 433 1094 472 puerum,
1122 419 1192 458 sed
1217 420 1434 459 maturitate
1461 420 1577 458 animi

165 500 295 526 senem
321 485 479 526 fuisse.“
522 485 679 533 Quanto
707 484 794 537 plus
820 484 1097 537 probabilitatis
1125 484 1241 525 habet
1266 484 1380 524 lectio
1408 485 1457 525 ab
1475 484 1575 524 Italo

164 551 330 604 quodam
356 550 537 604 profecta,
565 564 661 602 quae
681 574 732 579 —
751 555 795 589 ut
820 551 896 590 iam
924 563 1039 603 supra
1065 551 1272 591 memoravi
1300 574 1351 579 —
1380 555 1468 590 ante
1486 550 1576 589 Mo-

165 616 271 655 dium
297 617 338 655 in
365 616 540 655 omnibus
576 615 807 655 editionibus
836 615 1027 655 exstabat:
1063 629 1150 664 „ore
1177 629 1273 667 puer
1298 617 1482 668 puerique
1509 615 1577 654 ha—

165 681 271 720 bitu“
305 680 463 719 Modius
503 693 593 719 sane
631 681 836 731 „puerique
858 668 1030 719 ‘habitu“
1066 680 1216 728 reiecit,
1264 680 1332 719 sed
1380 680 1577 729 ,‚habitus“

166 746 278 798 plane
306 746 405 785 falso
433 746 660 795 ‚,vestitum“
686 745 884 794 intellexit,
906 759 990 784 cum
1017 744 1119 784 idem
1148 759 1231 784 esse
1259 745 1362 797 quod
1388 747 1577 798 „speciem

165 812 357 862 corporis“
391 809 534 861 liquide
569 815 709 861 pateat.
764 810 892 848 Aliam
927 815 1053 848 tamen
1087 823 1239 849 causam
1274 810 1407 859 habeo,
1435 823 1503 849 cur
1536 811 1576 848 in

164 875 236 914 hac
290 888 440 926 quoque
495 875 712 913 coniectura
762 887 840 912 non
902 874 1218 925 acquiescendum
1269 887 1353 913 esse
1404 873 1578 913 iudicem.

165 938 334 978 Offendo
363 939 463 978 enim
495 940 535 977 in
567 938 671 976 nudo
705 938 871 977 ablativo
898 939 1128 990 ‚,(puerique)
1156 938 1353 987 habitu“,
1385 940 1451 991 qui
1483 952 1578 991 quo-

164 1004 279 1043 modo
298 1009 385 1056 apte
406 1004 585 1056 explicari
611 1003 745 1056 possit,
763 1003 903 1043 nescio.
922 1028 973 1033 —
992 1003 1207 1043 Lenissima
1224 1011 1351 1043 autem
1368 1004 1577 1044 mutatione

164 1070 204 1108 in
231 1070 359 1110 verbis
386 1070 590 1121 „puerique
617 1069 772 1109 habitu“
802 1068 921 1118 facta,
956 1069 1098 1109 locutio
1126 1071 1467 1122 manuscriptorum
1502 1070 1578 1109 lec-

164 1134 260 1173 tioni
284 1133 387 1173 haud
404 1134 459 1173 ita
477 1134 671 1173 dissimilis
691 1134 852 1183 exsistit,
871 1147 967 1185 quae
986 1139 1026 1173 et
1044 1147 1158 1173 sensu
1177 1139 1216 1173 et
1234 1134 1437 1174 verborum
1454 1134 1578 1174 forma

164 1199 219 1237 ita
237 1199 434 1248 satisfacit,
452 1203 496 1237 ut
513 1212 590 1237 non
607 1198 762 1250 indigna
780 1212 864 1238 esse
882 1199 976 1237 mihi
993 1198 1179 1248 videatur,
1206 1213 1302 1251 quae
1322 1199 1416 1239 Silio
1435 1200 1578 1239 tribua-

165 1268 237 1302 tur.
292 1263 425 1303 Scribo
459 1264 575 1302 enim:
608 1277 697 1312 „ora
728 1277 823 1315 puer
848 1277 944 1315 puer
970 1263 1084 1315 inque
1111 1253 1283 1302 habitum
1316 1266 1381 1314 (1
1408 1277 1577 1316 puerque

165 1330 204 1366 in
232 1328 415 1379 habitum)
442 1327 545 1380 quod
580 1328 683 1367 idem
710 1342 794 1367 esse
822 1328 922 1376 volo,
949 1327 1053 1379 quod
1087 1342 1278 1380 „puerque
1305 1328 1461 1368 habitu“
1494 1342 1579 1380 ger-

165 1393 310 1432 manice
328 1392 430 1442 „und
448 1393 510 1432 ein
523 1392 663 1431 Knabe
682 1392 922 1431 hinsichtlich
940 1392 1010 1432 der
1023 1392 1186 1442 Gestalt,
1201 1392 1294 1432 oder
1312 1393 1380 1432 der
1398 1396 1578 1433 ausseren

165 1458 463 1510 Erscheinung.“
518 1458 580 1497 De
606 1458 677 1496 hac
705 1459 997 1510 praepositionis
1024 1459 1109 1507 ‚,in“
1136 1463 1374 1498 constructae
1402 1472 1491 1498 cum
1517 1472 1580 1498 ac-

166 1523 338 1563 cusativo
369 1523 409 1563 vi
438 1522 518 1572 cfr„
546 1536 641 1575 quae
664 1536 688 1561 a
704 1522 831 1564 Verre
859 1523 883 1561 L
906 1522 930 1562 l.
954 1524 994 1561 in
1023 1523 1146 1576 capite
1173 1523 1258 1573 „De
1286 1537 1358 1563 usu
1385 1524 1580 1576 praeposi-

165 1590 336 1637 tionum“
363 1588 434 1627 sub
462 1601 556 1628 voce
583 1589 668 1636 ‚,in“
695 1590 791 1639 (pag.
813 1590 876 1639 35)
903 1587 1006 1626 dicta
1033 1592 1131 1627 sunt.
1185 1588 1264 1627 Hic
1290 1588 1402 1628 affert
1428 1603 1476 1627 ex
1502 1589 1581 1627 Pu-

165 1653 262 1691 nicis
297 1652 391 1691 haec
427 1652 503 1691 duo
523 1653 726 1704 exempla:
763 1652 845 1701 XI,
874 1654 952 1691 504
986 1652 1167 1705 „Superis
1195 1655 1235 1691 in
1261 1659 1354 1692 vota
1380 1653 1580 1692 secundis“

165 1717 221 1766 H,
240 1719 319 1756 498
346 1717 576 1766 „fecundum
602 1719 643 1755 in
669 1716 822 1755 fraudes
850 1717 1045 1755 hominum
1072 1731 1192 1768 genus
1212 1747 1221 1756 .
1241 1747 1250 1757 .
1270 1723 1301 1756 .“
1348 1718 1439 1757 Duo
1466 1732 1580 1758 voca-

166 1781 255 1821 bula
280 1786 391 1831 ‚,ora“
419 1786 458 1820 et
486 1781 699 1829 ,‚habitum“
727 1795 762 1833 q.
782 1794 814 1820 0.
841 1781 1032 1834 „speciem
1050 1783 1243 1834 corporis“
1263 1782 1312 1821 ad
1338 1781 1579 1821 indicandam

166 1852 336 1889 teneram
352 1847 505 1886 Pisonis
532 1851 696 1886 aetatem
723 1847 919 1899 aptissime
946 1847 1046 1886 inter
1072 1861 1114 1886 se
1142 1848 1341 1886 coniuncta
1369 1861 1464 1896 esse,
1491 1861 1578 1887 cum

167 1916 278 1961 ‚,ora“
304 1912 493 1964 pertineat
511 1911 561 1950 ad
579 1912 728 1951 vultum
755 1911 923 1950 nondum
950 1912 1159 1960 barbatum,
1187 1912 1337 1951 habitus
1365 1912 1579 1963 intelligen-

167 1976 239 2016 dus
274 1978 326 2016 sit
361 1976 409 2015 de
437 1976 593 2016 iuvenili
620 1976 790 2015 nondum
818 1976 910 2015 satis
938 1977 1085 2015 firmato
1118 1990 1275 2028 corpore
1302 1977 1579 2029 praecipueque

136 2051 138 2054 ’
167 2040 215 2081 (10
248 2042 389 2081 teneris
422 2041 601 2080 membris
607 2070 618 2090 ‚
651 2041 736 2092 quis
770 2046 830 2080 est
861 2042 926 2092 qui
961 2040 1169 2080 infitietur?
1221 2040 1288 2080 Ad
1314 2041 1580 2082 commendan-

167 2107 256 2146 dam
288 2108 543 2146 coniecturam
580 2120 703 2145 meam
740 2105 781 2144 id
818 2119 969 2158 quoque
1008 2116 1194 2155 memoro,
1232 2106 1335 2158 quod
1376 2107 1581 2159 geminatio

168 2173 398 2212 substantivi
433 2175 572 2224 ‚‚Pueff‘
599 2171 741 2223 optime
778 2184 819 2209 se
846 2170 972 2219 habet,
1008 2184 1094 2208 cum
1129 2172 1184 2209 ita
1210 2171 1329 2211 verba
1363 2186 1452 2221 ,‚ora
1486 2185 1582 2224 puer

167 2250 263 2289 puer
289 2237 403 2289 inque
435 2237 628 2277 habitum“
660 2249 706 2276 eo
737 2237 859 2275 acrius
892 2235 1138 2287 sequentibus
1170 2235 1298 2276 verbis
1332 2242 1583 2290 opponantur.

168 2302 409 2344 Postremum
449 2303 636 2355 scriptura
674 2315 697 2340 a
733 2315 794 2341 me
831 2301 978 2353 prolata
1010 2314 1086 2340 non
1123 2305 1322 2353 tantopere
1362 2316 1385 2341 a
1421 2301 1583 2341 traditae

168 2366 346 2407 ductibus
374 2367 563 2415 abhorret,
599 2372 653 2416 ut,
689 2366 879 2418 quomodo
907 2366 1041 2405 vitium
1069 2367 1175 2405 nasci
1210 2368 1389 2418 potuerit,
1424 2367 1584 2418 intelligi

168 2437 341 2485 nequeat.

1323 2510 1342 2544 3
