1747 2820
846 133 896 171 19

165 252 240 290 illis
258 250 386 291 verbis
406 250 645 299 occurrimus,
664 254 917 299 removentur,
942 251 974 289 si
993 254 1059 290 aut
1082 263 1151 303 pro
1169 253 1310 302 puncto
1328 254 1418 303 post
1434 250 1576 299 ,‚Arni“

167 317 316 368 signum
340 315 572 367 interruptae
591 315 772 354 orationis
799 316 962 367 ponitur,
990 320 1056 354 aut
1082 316 1334 367 interpunctio
1353 320 1442 367 post
1460 316 1577 355 verba

166 394 258 430 2,nee
278 379 417 418 deinde
437 379 609 419 adversis
632 379 768 418 modus
789 385 870 418 est“
896 379 1054 419 deletur.
1100 380 1142 419 Si
1169 380 1332 432 priorem
1352 380 1577 420 emendandi

166 446 268 484 viam
295 443 536 495 ingredimur,
554 444 671 483 verba
697 445 899 493 ‚,Ticinus“
925 458 1044 496 usque
1063 445 1113 483 ad
1139 446 1281 493 ,‚Arni“
1307 446 1436 497 figura,
1463 460 1577 497 quam

168 509 306 549 Graeci
334 504 664 565 ,,ἇποσιω’πησις“
692 509 833 559 dicunt,
861 509 1107 562 intelligenda
1135 515 1233 559 sunt,
1260 515 1305 549 ut
1331 516 1457 550 mente
1476 512 1578 563 cogi-

167 580 269 614 tetur
295 574 382 623 tale,
422 574 532 626 quale
561 580 635 614 est:
677 575 930 614 calamitatem
956 580 1124 614 nostram
1150 580 1339 614 testantur
1365 581 1430 614 aut
1457 576 1579 615 simile

167 639 269 692 quid.
307 638 349 679 Si
376 639 494 678 altera
520 653 642 691 neque
661 641 785 679 minus
814 640 974 693 simplici
1002 639 1180 680 medendi
1207 637 1352 679 ratione
1377 641 1436 680 usi
1463 642 1580 680 inter-

132 698 137 703 ’
167 705 411 756 punctionem
437 709 527 757 post
552 705 670 744 verba
695 719 788 754 „nec
807 735 815 744 .
835 735 843 744 .
864 735 872 744 .
892 735 901 744 .
929 705 1065 744 modus
1094 710 1175 744 est“
1201 705 1379 754 tollimus,
1407 711 1450 743 ut
1477 706 1580 745 Tici-

168 782 239 808 nus
279 774 318 808 et
355 783 451 821 quae
490 775 699 822 sequuntur
736 784 856 822 usque
895 770 945 809 ad
972 771 1114 819 „Arni“
1141 784 1228 810 cum
1266 769 1579 810 antecedentibus

168 835 295 875 verbis
324 835 538 874 coalescant
564 836 603 874 in
630 850 747 874 unum
774 836 1021 885 enuntiatum,
1049 836 1154 875 cuius
1183 836 1353 875 subiecta
1380 841 1485 876 sunt:
1515 837 1581 875 Ti-

169 901 294 949 cinus,
332 900 539 949 Eridanus,
577 903 720 952 tu(que)
756 915 808 940 sc.
835 901 992 949 Trebia,
1031 902 1143 940 tellus
1171 902 1284 949 Arni,
1322 901 1582 953 praedicatum

169 964 319 1014 ,modus
356 969 448 1013 est“,
486 970 591 1009 totus
630 965 736 1004 locus
773 966 828 1004 ita
854 965 1061 1004 vertendus
1095 970 1170 1004 est:
1210 965 1318 1014 „Wir
1344 965 1468 1005 haben
1496 979 1584 1005 ver-

168 1030 285 1069 ›loren
313 1029 375 1068 die
403 1030 530 1081 Alpen
565 1030 642 1068 und
675 1030 781 1068 nicht
817 1031 869 1069 ist
899 1030 1091 1069 fernerhin
1124 1031 1185 1068 ein
1212 1030 1293 1069 Ziel
1325 1031 1377 1068 im
1405 1030 1585 1081 Ungli‘xck

171 1094 239 1132 der
265 1094 376 1132 Ticin
404 1093 483 1132 und
511 1094 580 1132 der
606 1108 684 1133 von
702 1094 795 1133 Blut
821 1094 994 1147 gsffirbte
1018 1094 1208 1134 Eridanus
1238 1094 1317 1133 und
1344 1094 1407 1144 du,
1434 1094 1584 1144 Trebia,

171 1160 460 1211 ausgezeichnet
492 1159 611 1198 durch
644 1160 706 1199 die
735 1160 989 1199 Sidonischen
1018 1160 1304 1211 Siegeszeichen
1333 1160 1411 1199 und
1439 1160 1491 1199 du
1519 1161 1584 1199 be-

166 1223 519 1275 jammernswerthe
547 1224 640 1261 Flur
668 1224 736 1262 des
764 1224 931 1264 Arnus.“

303 1288 412 1326 Haec
445 1290 633 1327 sententia
665 1281 891 1339 quamquam
924 1302 1016 1327 sana
1048 1294 1160 1339 atque
1194 1290 1265 1327 toti
1293 1289 1495 1328 verborum
1523 1302 1586 1327 co-

176 1353 290 1390 nexui
318 1352 410 1390 satis
447 1357 536 1404 apta
563 1352 725 1401 videtur,
757 1357 885 1391 tamen
919 1354 1084 1404 priorem
1111 1367 1134 1391 a
1159 1367 1220 1391 me
1248 1353 1432 1405 prolatam
1465 1358 1587 1391 muta-

176 1418 318 1455 tionem
355 1417 474 1455 multo
502 1417 759 1468 praetulerim,
788 1417 891 1468 quod
926 1417 1128 1469 abruptum
1154 1417 1335 1468 loquendi
1362 1431 1481 1468 genus
1508 1419 1587 1456 irae

178 1481 413 1532 querelisque
438 1479 599 1529 Serrani,
627 1480 761 1520 Italiae
789 1481 935 1520 ruinam
964 1480 1210 1534 deplorantis,
1236 1495 1313 1521 non
1341 1481 1463 1521 solum
1489 1481 1587 1521 bene

178 1547 368 1595 convenit,
405 1546 473 1586 sed
507 1547 618 1585 etiam
655 1552 778 1585 totum
817 1561 1029 1587 sermonem
1058 1548 1285 1587 vividiorem
1320 1553 1433 1599 atque
1462 1548 1589 1586 effica-

178 1613 317 1649 ciorem
337 1611 461 1649 efficit.
498 1612 587 1649 Alia
613 1612 831 1650 reticentiae
850 1612 990 1663 figurae
1016 1612 1190 1663 exempla
1217 1612 1334 1651 habes
1353 1614 1391 1650 in
1412 1611 1477 1650 Sil.
1490 1611 1588 1660 VII,

181 1678 275 1725 248;
303 1675 379 1725 IX,
408 1678 457 1716 55
467 1692 477 1725 ;
505 1676 558 1725 X,
587 1679 663 1716 288
692 1677 850 1728 aliisque
878 1677 982 1716 locis.

617 1830 730 1879 Lib.
763 1830 848 1889 VI,
882 1829 975 1879 140
1010 1842 1153 1890 seqq.

309 1935 454 1987 Marus,
481 1935 620 1990 Reguli
648 1936 819 1991 armiger,
847 1936 927 1976 eius
955 1935 1032 1976 filio
1052 1935 1213 1976 Serrano
1241 1940 1469 1985 narraturus,
1497 1949 1591 1988 quo-

181 2003 296 2042 modo
323 2008 431 2055 pater
457 2008 713 2042 monstrosum
741 2008 956 2055 serpentem
983 2004 1022 2040 in
1046 2002 1177 2041 Africa
1205 2002 1253 2040 ad
1279 2002 1495 2053 Bagradam
1521 2002 1592 2040 flu-

181 2081 268 2106 men
294 2068 536 2116 interfecerit,
563 2068 698 2119 incipit
724 2067 783 2106 his
811 2067 955 2107 verbis:
1398 2115 1401 2118 Δ

373 2132 588 2182 „Turbidus
616 2134 756 2172 arentis
784 2133 888 2172 lento
915 2132 1013 2185 pede
1041 2132 1163 2172 sulcat
1187 2131 1346 2171 harenas

374 2198 560 2250 Bagrada,
588 2212 664 2238 non
691 2198 769 2237 ullo
796 2198 952 2250 Libycis
980 2198 1020 2236 in
1046 2198 1182 2236 finibus
1210 2210 1319 2236 amne

376 2263 517 2304 Victus
544 2263 698 2302 limosas
727 2263 930 2302 extendere
958 2263 1070 2301 latius
1098 2260 1219 2303 undae

375 2328 430 2366 Et
458 2333 655 2380 stagnante
685 2327 784 2368 vado
811 2328 962 2380 patulos
990 2327 1185 2367 involvere
1213 2339 1379 2380 campos.

375 2392 454 2431 Hic
483 2393 610 2432 studio
638 2394 803 2441 laticum,
830 2406 991 2444 quorum
1018 2398 1078 2431 est
1103 2390 1206 2430 haud
1233 2392 1394 2444 prodiga
1420 2391 1544 2441 tellus,

375 2456 453 2496 Per
478 2458 581 2511 ripas
608 2458 698 2497 laeti
726 2459 851 2498 saevis
879 2457 1118 2497 consedimus
1147 2457 1282 2497 arvis.“

1342 2533 1383 2555 0*
