1747 2820
834 118 884 156 18

146 234 254 274 ducti
297 235 488 288 „spolias“
531 235 774 288 scripserunt.
841 235 920 275 Sed
963 235 1147 288 ‚‚spoliat“
1190 232 1431 275 retinendum
1469 249 1565 285 esse,

148 300 247 339 clare
275 301 528 352 perspicimus
557 314 605 339 ex
633 300 700 340 Sil.
718 300 796 349 IV,
817 303 894 340 235
923 314 1039 353 seqq„
1071 301 1138 340 ubi
1155 301 1268 353 plane
1296 300 1455 340 eandem
1478 315 1565 353 per-

148 379 327 404 sonarum
356 366 580 405 varietatem
598 365 750 404 codices
774 370 979 405 testantur:
1008 365 1186 414 „Occidit
1208 371 1248 405 et
1273 366 1384 415 tristi,
1410 379 1564 418 pugnax

145 430 371 482 Lepontice,
397 430 480 469 fato
487 445 498 479 3
525 430 627 469 Nam
655 429 746 469 dum
772 429 884 469 frena
909 430 1020 469 ferox
1048 431 1197 470 obiecto
1216 444 1373 483 corpore
1399 436 1563 483 prensat.

145 495 278 547 Atque
306 500 445 548 aequat
472 526 481 534 .
510 525 519 534 .
548 525 557 534 .
585 499 618 534 .“
671 494 824 543 Quibus
853 494 1003 534 duobus
1041 495 1135 534 locis
1177 509 1292 535 causa
1317 509 1563 549 personarum

144 561 436 613 permutationis
464 565 534 610 est,
573 560 677 613 quod
704 575 728 600 a
754 561 941 601 vocabulo
976 565 1134 612 „quem“
1162 566 1201 600 et
1238 576 1275 601 v.
1304 565 1436 610 „nam“
1462 575 1563 600 nova

144 626 335 665 sententia
361 626 506 678 incipit.

530 779 642 829 Lib.
676 780 761 840 vl,
797 793 878 829 vv.
912 779 1186 829 106—109.

337 917 359 937 „
388 917 1036 927 ..................
1061 887 1271 926 Amisimus
1299 887 1432 939 Alpes,

336 952 421 990 Nec
448 951 588 991 deinde
616 951 788 991 adversis
816 951 954 990 modus
982 956 1051 990 est.
1092 952 1260 1000 Ticinus,
1289 957 1328 990 et
1356 957 1437 990 ater

336 1017 536 1068 Stragibus
564 1016 768 1064 Eridanus,
795 1021 913 1068 tuque
940 1017 1119 1068 insignite
1147 1017 1339 1069 trophaeis

335 1081 504 1120 Sidoniis
532 1082 684 1130 Trebia,
713 1087 752 1120 et
778 1082 892 1120 tellus
920 1081 1162 1120 lacrimabilis
1190 1082 1322 1120 Arni.“

270 1146 382 1186 Haec
401 1152 491 1187 sunt
515 1147 633 1186 verba
651 1146 815 1196 Serrani,
833 1147 972 1198 Reguli
999 1146 1078 1195 filii,
1096 1160 1269 1198 magnam
1298 1147 1558 1195 calamitatem,

138 1225 213 1262 qua
246 1211 411 1249 Romani
453 1225 501 1250 ex
533 1205 762 1250 Hannibalis
801 1212 840 1249 in
876 1210 1027 1249 Italiam
1066 1210 1235 1249 adventu
1273 1211 1402 1249 affecti
1441 1216 1558 1259 erant,

140 1276 387 1315 vehementer
408 1276 660 1314 lamentantis.
715 1275 764 1314 In
792 1275 979 1324 omnibus,
1006 1289 1100 1327 quas
1127 1276 1288 1327 inspexi,
1317 1274 1557 1323 editionibus,

139 1340 179 1378 hi
208 1354 343 1380 versus
371 1341 436 1389 ita,
464 1345 508 1378 ut
536 1353 651 1392 supra
677 1339 765 1388 feci,
800 1340 1130 1391 interpunguntur,
1157 1345 1422 1391 praeterquam
1454 1339 1557 1390 quod

139 1405 243 1457 apud
276 1405 469 1444 Bauerum
504 1410 595 1456 post
626 1404 763 1443 verba:
803 1417 896 1453 „nec
929 1404 1068 1443 deinde
1101 1403 1273 1443 adversis
1306 1403 1442 1443 modus
1476 1408 1558 1442 est“

139 1469 345 1507 semicolon
394 1469 563 1522 positum
611 1473 650 1507 et
699 1481 846 1507 comma
891 1473 981 1520 post
1021 1468 1223 1516 „Ticinus“
1264 1469 1446 1506 omissum
1488 1473 1555 1506 est.

139 1535 218 1575 Sed
259 1534 463 1587 quomodo,
507 1535 540 1575 si
582 1525 636 1574 ita
677 1534 892 1586 distinguis,
933 1535 1185 1573 enuntiatum:
1227 1533 1406 1583 „Ticinus
1435 1564 1443 1572 .
1473 1564 1480 1572 .
1510 1564 1518 1572 .
1547 1564 1555 1572 .

135 1600 249 1638 tellus
277 1590 521 1638 lacrimabilis
549 1600 682 1646 Arni,“
724 1601 817 1638 satis
846 1598 1046 1637 commode
1076 1599 1256 1650 explicari
1283 1599 1416 1650 possit,
1450 1599 1555 1649 equi-

136 1664 225 1704 dem
251 1678 409 1717 prorsus
437 1678 514 1703 non
533 1664 660 1704 video.
699 1664 828 1712 Quam
857 1664 906 1703 ob
934 1678 1014 1703 rem
1042 1677 1164 1716 neque
1183 1663 1406 1703 Ernestium
1433 1677 1554 1715 neque

134 1730 364 1782 Rupertiuym
391 1730 492 1768 hunc
529 1730 654 1768 locum
690 1729 1002 1780 interpretatione
1031 1729 1187 1780 dignum
1226 1728 1474 1776 existimasse,
1512 1734 1556 1766 ut

134 1808 211 1847 qua
228 1795 374 1834 ratione
402 1795 478 1848 ipsi
507 1808 640 1835 versus
670 1794 864 1847 explanari
887 1793 1019 1843 velint,
1038 1797 1299 1846 cognoscatur,
1326 1806 1554 1846 magnopere

134 1860 257 1898 doleo.
314 1860 394 1898 Sed
432 1860 642 1908 audiamus,
680 1859 873 1911 quomodo
901 1859 1066 1897 Bothius
1105 1859 1175 1897 hos
1215 1872 1350 1898 versus
1389 1859 1429 1896 in
1469 1872 1554 1898 ver-

133 1925 307 1964 naculam
333 1924 502 1978 linguam
530 1924 751 1964 transferat:
1559 1929 1562 1933 '

325 2021 347 2040 „
376 2020 837 2031 .............
866 1989 1041 2030 Schwarz
1074 1995 1178 2042 wogt
1211 1989 1279 2029 der
1305 1989 1461 2028 Ticinus

326 2056 474 2095 Sammt
501 2056 589 2095 dem
617 2055 747 2095 Padus
775 2069 854 2095 von
880 2055 1067 2103 Leichen3
1095 2054 1165 2094 der
1191 2054 1332 2093 Trebia
1359 2054 1463 2094 ward

979 2120 1049 2159 mit
1076 2119 1296 2172 Karthagos

325 2186 616 2240 Siegeszeichen
645 2186 904 2239 geschmiickt,
932 2186 1011 2225 und
1039 2186 1204 2238 traurige
1228 2185 1370 2225 Fluren
1395 2185 1463 2225 des

982 2252 1148 2290 Arnus.“

258 2319 370 2365 Quae
388 2318 521 2357 Bothii
549 2317 822 2370 interpretatiO,
851 2331 964 2369 quam
990 2330 1172 2369 perversa
1196 2316 1257 2364 sit,
1285 2329 1371 2354 cum
1398 2315 1552 2355 minime

128 2383 256 2423 verbis
283 2384 414 2422 latinis
442 2383 682 2434 respondeat,
709 2381 813 2421 haud
841 2382 993 2421 difficile
1022 2387 1083 2421 est
1109 2381 1313 2420 intellectu.
1339 2405 1387 2409 —
1418 2380 1553 2419 Lenis-

127 2449 233 2499 sima,
261 2462 348 2488 meo
368 2447 522 2497 iudicio,
550 2461 666 2500 opera
685 2447 939 2496 difficultates,
966 2446 1104 2499 quibus
1132 2459 1234 2485 nunc
1257 2446 1298 2484 in
1317 2444 1551 2498 explicandis
