1747 2820
870 99 918 137 16

180 215 293 255 nibus
321 230 382 255 me
409 216 537 268 legere
564 230 642 256 non
669 217 835 257 memini.
890 217 1016 264 Nimis
1049 223 1178 257 autem
1209 218 1327 258 libere
1354 219 1521 260 Bothius
1546 222 1604 261 lo-

180 294 267 320 cum
294 281 582 334 interpretatur:

232 346 429 397 „Bagasus
452 346 551 385 auch
573 346 664 385 darf
679 346 786 386 nicht
807 347 1031 387 frohlocken
1050 347 1181 397 darob,
1199 362 1270 388 vor
1287 348 1355 388 des
1374 349 1548 390 Konsuls

233 411 372 462 Augen
401 410 490 449 dich
517 412 733 463 ungestraft
759 416 927 464 erwiirgt
952 427 1001 451 zu
1026 412 1162 462 haben,
1190 427 1213 452 0
1240 413 1340 453 Libo
1348 415 1380 452 !“

311 475 389 514 Sed
408 489 480 527 ego
498 476 683 528 plurimos
702 478 806 515 viros
831 476 966 515 doctos
986 482 1150 525 secutus,
1178 478 1369 529 quomodo
1396 479 1603 527 „daturve“

180 540 273 578 satis
302 540 400 579 bene
424 541 607 593 explicari
635 541 769 593 possit,
796 554 953 593 prorsus
981 555 1059 580 non
1087 541 1212 591 video,
1239 543 1313 582 nisi
1341 543 1442 582 forte
1470 545 1602 583 existi-

178 619 276 653 mas,
314 606 539 657 particulam
575 610 670 654 ‚‚ve“
707 606 958 645 audacissime
995 621 1018 646 a
1052 612 1167 658 poeta
1194 608 1312 647 verbo
1345 608 1502 657 „datur“
1534 609 1602 648 ad-

178 670 358 721 scriptam
377 684 473 718 esse,
492 684 578 708 cum
603 671 642 708 in
669 671 840 722 pedestri
860 684 1034 709 sermone
1053 685 1139 709 eum
1159 672 1345 710 vocabulo
1372 673 1601 722 „relictum“‚

177 739 244 772 aut
270 734 471 786 ‚‚impune“
499 734 807 786 coniungendam
834 735 962 784 fuerit,
995 740 1039 773 ut
1066 736 1117 774 sit
1144 735 1288 774 dictum
1315 750 1384 788 pro
1413 751 1470 786 eo,
1497 738 1600 789 quod

178 805 247 847 est,
275 813 369 847 „nec
388 800 483 850 Bag.
503 813 561 839 ex.
581 799 694 838 datur
720 800 942 839 relictumve
970 801 1125 853 impune
1155 806 1245 840 est“.
1292 801 1370 840 Sed
1397 804 1600 853 quominus

176 865 230 902 ita
263 864 388 902 locum
417 864 630 916 expediam,
664 864 862 916 impedior,
895 865 999 916 quod
1026 878 1150 917 neque
1183 865 1286 917 apud
1314 866 1449 905 Silium
1477 881 1599 919 neque

176 929 280 980 apud
299 943 527 982 quemquam
546 935 758 968 ceterorum
777 931 1006 982 scriptorum
1024 930 1284 969 Romanorum
1302 931 1378 970 tale
1396 932 1599 971 inusitatae

176 992 438 1032 collocationis
472 994 688 1045 exemplum
722 994 815 1031 mihi
849 994 1061 1032 occurrisse
1097 995 1328 1033 reminiscor.
1383 996 1519 1047 Aeque
1556 1009 1600 1034 ac

177 1058 419 1097 Coloniensis
449 1060 637 1111 scriptura
663 1059 703 1097 in
731 1058 804 1097 hoc
828 1059 1032 1098 verborum
1073 1072 1220 1098 conexu
1248 1059 1425 1112 displicet
1465 1060 1600 1110 „datur

175 1129 246 1162 ne“
272 1124 337 1163 lib.
357 1124 572 1163 Oxom'ensi
595 1130 634 1163 et
653 1125 845 1165 Vaticano
873 1125 1098 1176 praebitum,
1125 1125 1230 1176 quod
1255 1131 1461 1177 praeeunte
1485 1126 1600 1164 Lefe-

175 1189 284 1229 burio
304 1189 514 1242 Rupertius
542 1189 664 1229 teneri
683 1190 777 1240 vult,
805 1190 1110 1229 coniunctionem
1136 1194 1230 1240 ,‚ne“
1257 1195 1324 1230 aut
1350 1204 1420 1244 pro
1446 1205 1518 1241 „ne
1547 1215 1597 1220 —

174 1256 362 1306 quidem“‚
390 1261 457 1293 aut
482 1269 553 1307 pro
580 1256 768 1304 „nedum“
794 1257 997 1307 accipiens.
1044 1256 1087 1295 Si
1113 1261 1206 1304 ,‚ne“
1230 1270 1299 1307 pro
1318 1256 1504 1304 ‚,nedum“
1530 1271 1600 1307 po-

174 1321 290 1358 situm
319 1333 403 1358 esse
431 1325 609 1372 putamus
639 1343 689 1348 ——
718 1320 784 1371 qui
811 1320 1018 1372 particulae
1046 1333 1138 1358 usus
1166 1320 1357 1359 nonnullis
1384 1320 1478 1359 locis
1507 1334 1598 1360 sane

174 1386 419 1424 confirmatur
446 1385 525 1435 (cfr.
554 1386 729 1437 exempla
757 1399 780 1423 a
806 1385 995 1437 Rupertio
1028 1387 1069 1423 in
1101 1386 1213 1424 huius
1246 1385 1321 1424 loci
1353 1386 1597 1424 annotatione

174 1450 340 1501 laudata)
372 1474 417 1480 --
450 1455 490 1488 et
517 1463 605 1488 cum
633 1451 761 1489 verbis
789 1450 979 1498 „consulis
1007 1455 1095 1488 ante
1124 1450 1286 1498 oculos“,
1319 1455 1362 1487 ut
1388 1450 1597 1501 Rupertius

173 1515 268 1563 vult,
295 1515 499 1565 iungimus,
527 1528 662 1553 sensus
692 1514 896 1553 verborum
924 1514 987 1553 hic
1015 1519 1091 1553 est:
1119 1514 1293 1565 „Bagaso
1322 1514 1491 1553 exultare
1519 1528 1597 1553 non

172 1580 273 1628 licet,
301 1579 443 1618 nedum
470 1580 626 1631 impune
660 1580 695 1618 ei
723 1579 968 1631 relinquatur,
997 1584 1085 1618 ante
1118 1579 1285 1618 consulis
1319 1579 1450 1618 oculos
1478 1579 1597 1618 Libo-

172 1660 261 1684 nem
289 1645 538 1694 interfecisse,
565 1659 685 1697 „quae
714 1650 884 1684 summa“
911 1650 955 1684 ut
981 1645 1199 1697 interpretis
1219 1644 1346 1685 verbis
1375 1650 1470 1693 utar,
1497 1645 1597 1694 „Ba-

171 1711 255 1762 gasi
282 1711 443 1750 audacia
471 1716 552 1749 erat
580 1716 619 1749 et
646 1710 772 1762 digna,
800 1724 897 1762 quae
925 1710 1156 1762 puniretur‘ss
1211 1710 1340 1756 Quam
1368 1709 1597 1762 explanandi

171 1777 358 1814 rationem
385 1777 462 1813 iam
479 1776 673 1813 Bauerum
700 1776 723 1813 l.
742 1776 766 1813 l.
785 1775 977 1826 respuisse
997 1774 1111 1820 video
1130 1775 1185 1812 ita
1203 1774 1408 1812 dicentem:
1437 1774 1597 1825 ‚,Gegen

171 1840 278 1879 diese
296 1839 539 1892 Auffassung
565 1840 617 1878 ist
645 1839 927 1888 einzuwenden,
956 1839 1045 1878 dass
1074 1839 1129 1878 sie
1158 1840 1220 1878 ein
1247 1838 1478 1891 unrichtiges
1493 1838 1599 1880 Ver-

170 1906 312 1944 haltnis
353 1906 542 1944 zwischen
583 1905 646 1944 die
684 1905 824 1945 beiden
857 1905 1089 1944 Ausdriicke
1130 1905 1316 1943 »exultare
1350 1904 1478 1943 datur«
1516 1904 1596 1942 und

170 1972 342 2023 »impune
375 1971 567 2009 relictum«
599 1970 826 2022 hineinlegt3
860 1970 929 2009 der
961 1971 1094 2009 zweite
1123 1970 1269 2008 enthalt
1301 1969 1424 2018 nicht,
1453 1969 1523 2008 wie
1553 1983 1594 2008 es

170 2037 267 2075 nach
303 2037 488 2088 Rupertis
521 2036 740 2087 Erklarung
776 2036 846 2074 der
871 2036 957 2075 Fau
985 2039 1103 2084 ware,
1140 2036 1223 2074 eine
1261 2035 1489 2091 Steigerung
1525 2034 1594 2073 des

170 2107 309 2150 ersten,
337 2101 503 2141 sondern
533 2101 637 2140 steht
662 2102 734 2149 ‚mit
760 2100 982 2140 demselben
1010 2100 1081 2139 auf
1101 2113 1197 2151 ganz
1224 2100 1391 2151 gleicher
1418 2099 1563 2139 Stufe.“

299 2167 465 2218 Propter
497 2168 659 2205 similem
693 2180 847 2205 causam
881 2166 977 2204 alter
1003 2166 1181 2217 Rupertii
1209 2165 1425 2217 explicandi
1457 2164 1594 2203 modus

170 2235 253 2283 (ner
307 2231 553 2284 ne-quidem)
589 2230 863 2284 improbandus
904 2235 973 2270 est.
1038 2230 1127 2269 Jam
1165 2229 1345 2270 adeamus
1385 2230 1434 2269 ad
1468 2230 1593 2269 varias

169 2298 408 2337 coniecturas
432 2297 661 2337 emendandi
689 2297 811 2349 gratia
838 2310 861 2335 a
878 2297 971 2336 viris
991 2296 1115 2335 doctis
1143 2296 1321 2349 prolatas.
1369 2295 1592 2335 Gronovius

169 2364 413 2403 scribendum
440 2365 643 2416 proposuit
674 2363 814 2412 ,‚diuve
842 2363 997 2414 impune
1031 2362 1238 2401 relictum.·“
1293 2361 1372 2400 Sed
1399 2360 1592 2413 quomodo

170 2444 323 2472 versum
363 2430 568 2485 explicem,
607 2435 651 2469 ut
689 2429 737 2469 ab
777 2429 904 2482 aliqua
942 2433 1050 2482 parte
1090 2442 1204 2468 sanus
1245 2441 1380 2468 sensus
1420 2426 1592 2478 exsistat,
