1747 2820
837 144 888 181 24

150 260 289 312 quibus
318 261 380 299 hic
408 260 625 311 ambigitur,
654 260 766 300 valde
795 274 1006 313 repugnare
1034 260 1235 300 contendo.
1281 261 1451 300 Primum
1469 275 1570 301 com-

150 339 319 364 memoro
348 339 412 364 vv.
442 326 666 373 346—349‚
707 326 772 377 qui
812 325 994 365 exhibent
1028 325 1216 374 mandata,
1257 325 1306 364 ad
1333 324 1570 378 quae'confi-

151 389 287 429 cienda
327 390 499 441 Regulus
545 404 631 428 cum
675 390 812 442 legatis
857 391 1075 430 Poenorum
1113 391 1278 430 Romam
1324 391 1463 430 missus
1503 396 1569 430 est.

152 454 370 494 Secundum
412 454 510 494 hanc
540 454 624 494 Silii
665 455 920 494 narrationem
962 455 1042 506 (cfr.
1072 455 1256 508 imprimis
1285 469 1321 495 v.
1351 458 1442 506 349)
1469 455 1571 495 Kar-

152 520 411 570 thaginienses
451 519 643 571 Regulum
680 520 803 559 solum
846 533 932 558 cum
971 520 1113 559 Poenis
1153 520 1314 572 captivis
1361 520 1570 572 rependere

152 584 175 623 i.
204 597 235 623 e.
264 588 480 637 permutare
517 583 707 624 volebant.
762 584 940 624 Levioris
982 585 1165 624 momenti
1204 589 1264 624 est
1301 598 1337 623 v.
1359 586 1456 634 389,
1495 598 1570 637 quo
1641 631 1643 633 v

152 649 302 696 dicitur,
342 663 429 687 cum
468 650 590 697 navis,
629 664 704 700 qua
740 650 881 700 legatio
909 650 1287 701 Karthaginiensium
1325 650 1570 701 Regulusque

152 712 372 761 veheretur,
414 712 578 751 Romam
611 713 772 765 appulsa
809 718 933 761 esset,
974 718 1094 752 totam
1128 714 1322 752 civitatem
1361 713 1570 752 Romanam

151 778 305 829 captivo
342 779 365 816 i.
395 792 427 817 e.
456 778 618 830 Regulo,
657 792 734 817 non
771 779 952 830 captivis
990 779 1143 817 obviam
1179 779 1306 818 ivisse.
1361 778 1570 817 Plurimum

152 843 371 895 opinionem
399 856 522 882 meam
550 842 723 883 adiuvari
751 848 844 896 puto
874 857 936 882 vv.
965 845 1198 882 479—481:

346 909 426 956 „At
452 922 528 947 non
558 908 761 959 CarthagO,
788 908 967 947 fraudum
995 908 1142 957 domus,
1170 909 1289 947 inscia
1315 913 1497 960 quantum

347 972 383 1010 E
410 972 521 1010 nobis
550 977 679 1020 restet,
707 972 865 1011 iuvenes
894 977 1013 1024 parat,
1041 986 1174 1024 aspere
1202 973 1305 1011 ferro

347 1037 520 1085 Pectora,
549 1038 760 1089 captivos
789 1042 948 1076 nostra
975 1051 1167 1089 pensare
1196 1041 1416 1076 senecta.“

152 1102 289 1152 quibus
330 1101 444 1139 dictis
482 1101 655 1152 Regulus
694 1101 733 1139 in
773 1102 949 1140 contione
989 1102 1249 1140 Romanorum
1290 1103 1328 1139 in
1368 1102 1473 1140 curia
1510 1103 1577 1140 ha-

150 1166 232 1205 bita
282 1166 522 1218 captivorum
569 1166 787 1204 Poenorum
839 1166 1157 1218 permutationem
1207 1166 1452 1205 vehementer
1498 1166 1576 1206 dis-

153 1230 299 1269 suadet.
357 1230 521 1269 Sensum
556 1230 692 1268 horum
727 1243 908 1269 versuum
935 1230 1138 1269 Ernestius
1175 1236 1263 1282 apte
1299 1232 1351 1268 ita
1389 1230 1574 1270 declarat:

150 1295 379 1347 „Carthago,
418 1309 515 1347 quae
551 1308 628 1334 non
667 1295 828 1347 ignorat,
866 1309 979 1347 quam
1018 1296 1176 1348 exiguae
1214 1309 1321 1334 meae
1360 1296 1437 1335 sint
1464 1297 1576 1345 vires,

152 1360 287 1399 callide
309 1362 485 1412 captivos
505 1374 608 1408 suos,
635 1365 794 1411 vegetos
814 1360 864 1399 ad
891 1361 1032 1399 bellum
1051 1361 1222 1409 iuvenes,
1248 1374 1397 1399 mecum
1424 1361 1576 1399 homine

151 1439 242 1464 sene
270 1430 310 1464 et
338 1425 553 1477 decrepito,
587 1425 795 1477 permutari
829 1426 968 1477 cupit.“
1022 1425 1133 1472 Quae
1161 1425 1301 1477 Reguli
1328 1426 1446 1464 verba
1474 1427 1576 1464 omni

151 1503 266 1529 sensu
295 1495 477 1538 carerent,
506 1491 538 1528 si
566 1495 719 1541 praeter
736 1490 928 1541 Regulum
956 1490 1020 1528 alii
1047 1490 1212 1528 Romani
1239 1491 1381 1541 captivi
1410 1504 1576 1529 commu—

149 1554 257 1593 tandi
294 1569 411 1594 causa
438 1554 602 1593 Romam
637 1555 745 1593 missi
783 1559 922 1594 essent.
977 1554 1084 1601 Quid
1123 1555 1246 1606 plura!
1301 1555 1453 1604 Tribus,
1480 1569 1576 1607 quos

149 1619 265 1658 modo
294 1620 416 1665 attuli,
444 1620 539 1658 locis
568 1619 661 1658 satis
690 1619 788 1658 bene
819 1619 1068 1658 consideratis
1096 1619 1318 1670 collatisque
1343 1633 1429 1658 cum
1449 1620 1575 1659 verbis

148 1684 403 1736 „captivoque
432 1684 606 1735 agmine“
633 1684 727 1722 mihi
755 1683 911 1735 quidem
938 1684 1092 1722 minime
1112 1683 1270 1722 dubium
1299 1690 1367 1732 est,
1396 1685 1487 1735 quin
1515 1684 1577 1722 hic

148 1749 254 1788 locus
283 1762 360 1788 non
388 1749 453 1798 ita,
480 1753 525 1787 ut
552 1749 591 1787 in
619 1748 726 1788 libris
754 1748 911 1800 legitur,
948 1762 971 1787 a
997 1753 1113 1801 poeta
1141 1748 1304 1800 scriptus
1334 1749 1393 1787 sit.
1448 1748 1577 1787 Medi-

148 1815 264 1862 tanti,
304 1813 498 1865 quomodo
527 1819 664 1866 poetae
692 1828 827 1852 manus
864 1814 1014 1852 restitui
1050 1814 1189 1865 possit,
1222 1814 1261 1852 in
1290 1819 1456 1852 mentem
1483 1814 1576 1852 mihi

149 1879 272 1918 venit:
300 1879 517 1931 „captivo
546 1879 784 1931 tegmine“‚
812 1893 909 1931 quae
928 1879 1145 1918 coniectura
1167 1878 1327 1917 multum
1349 1879 1474 1928 habet,
1502 1893 1576 1930 qua

149 1944 447 1983 commendetur.
514 1944 687 1982 Primum
729 1944 892 1983 traditae
930 1944 1106 1982 lectionis
1147 1944 1308 1982 formam
1345 1958 1422 1983 non
1462 1944 1575 1983 nimis

149 2009 310 2057 deserit,
347 2014 430 2047 tum
459 2022 614 2048 sensum
643 2008 772 2057 efficit,
807 2009 872 2060 qui
900 2014 983 2047 toto
1011 2009 1215 2048 verborum
1243 2009 1404 2048 conexui
1433 2009 1575 2061 optime

148 2075 339 2112 convenit.
386 2073 554 2126 Captivo
584 2074 685 2112 enim
713 2073 880 2125 tegmine
908 2073 1011 2112 idem
1040 2073 1283 2125 significatur,
1311 2073 1413 2125 quod
1440 2079 1576 2126 postea

147 2153 184 2178 v.
214 2141 291 2178 407
323 2139 468 2178 verbis:
508 2139 722 2188 „velamine
750 2139 906 2178 Poeno“
934 2152 984 2178 sc.
1012 2139 1133 2178 vestis
1169 2138 1370 2187 deformis,
1406 2153 1481 2190 qua
1519 2139 1575 2177 in-

148 2203 264 2242 dutus
304 2203 487 2255 Regulus,
527 2204 703 2256 superior
729 2204 989 2242 Romanorum
1027 2203 1170 2254 consul,
1209 2203 1455 2255 popularibus
1495 2204 1574 2242 suis

146 2269 404 2308 miserrimum
432 2268 657 2321 adspectum
684 2269 902 2321 praebebat.
947 2269 1033 2308 Tali
1061 2269 1206 2307 ratione
1224 2270 1350 2307 vetiam
1378 2283 1456 2321 seq.
1476 2283 1574 2309 vers.

146 2335 266 2374 verba
294 2339 357 2383 „et
385 2334 569 2373 invidiam
598 2335 705 2373 caelo
735 2334 910 2386 divisque
938 2333 1121 2382 ferebat‘g
1154 2339 1267 2373 antea
1293 2348 1370 2372 non
1399 2335 1491 2373 satis
1519 2334 1574 2373 fa-

146 2400 234 2439 cilia
262 2399 312 2438 ad
340 2399 630 2451 intelligendum
659 2400 771 2451 plane
800 2399 969 2438 dilucida
996 2400 1102 2438 fiunt.
1148 2400 1270 2439 Poeta
1289 2401 1389 2438 enim
1417 2400 1489 2438 hoc
1517 2399 1575 2438 di-

146 2478 232 2505 cere
259 2464 430 2505 voluisse
458 2464 552 2504 mihi
581 2464 750 2506 videtur:
780 2464 963 2520 Regulus,
991 2477 1076 2503 cum
1104 2463 1230 2505 media
1256 2465 1295 2502 in
1325 2464 1580 2523 superborum-
