1747 2820
864 128 915 171 20

286 242 490 288 'Librorum
519 249 746 301 scripturam
771 250 945 298 „saevis“
971 251 1044 290 viri
1076 250 1181 290 docti
1213 244 1356 304 duplici
1389 242 1503 291 modo
1531 262 1597 291 ex-

178 313 318 365 plicare
347 312 590 362 studuerunt,
626 326 787 365 quorum
819 319 954 353 neuter
986 314 1034 353 ab
1063 315 1165 353 omni
1192 321 1300 367 parte
1333 315 1425 354 mihi
1461 315 1596 368 placet.

179 378 407 430 Plerumque
435 392 528 417 arva
547 378 596 418 ob
616 392 699 417 eam
718 392 870 418 causam
898 383 1059 428 ,‚saeva“
1085 393 1109 418 a
1134 385 1250 432 poeta
1276 380 1379 420 dicta
1406 394 1490 420 esse
1509 394 1597 420 cen-

179 448 320 490 sentur,
347 442 452 493 quod
480 456 618 481 saevus
647 444 780 494 anguis
808 444 847 481 in
877 449 985 481 antro
1013 444 1141 483 vicino
1169 445 1395 483 morabatur.
1450 445 1596 497 „Saepe

177 508 296 556 enim,
324 512 368 545 ut
394 507 565 546 Ernestii
593 508 722 547 verbis
749 513 852 557 utar,
886 522 934 547 ex
962 513 1103 547 eventu
1130 509 1222 548 talia
1248 510 1418 562 epitheta
1443 510 1595 549 formari

177 574 302 622 poetis
331 572 488 610 solent.“
538 572 659 611 Recte
687 573 858 623 quidem!
915 572 993 611 Sed
1021 578 1148 611 tamen
1175 574 1279 611 illam
1307 575 1597 625 explicationem

177 650 254 675 non
281 636 394 689 plane
421 636 674 689 probaverim,
698 650 784 675 cum
803 636 851 676 de
871 642 1046 689 serpente
1065 636 1190 677 adhuc
1217 638 1321 678 nullo
1340 638 1454 678 modo
1473 653 1596 678 sermo

175 701 306 749 fuerit,
344 701 413 739 sed
448 702 489 739 in
518 715 631 739 versu
662 704 735 739 151
767 701 919 739 demum
957 703 1037 739 eius
1074 704 1217 740 mentio
1255 704 1331 741 fiat.
1386 704 1521 753 Neque
1557 704 1595 741 in

175 779 313 818 magna
341 765 601 819 exemplorum
627 765 823 805 Drakenb.
851 765 1090 805 laudatorum
1124 766 1221 807 serie
1249 767 1367 806 ullum
1394 763 1596 817 invenitur,

175 831 279 882 quod
307 845 394 870 cum
426 833 575 879 „saevis
603 833 738 879 arvis“‚
774 833 807 870 si
833 833 1004 879 „saevis“
1037 837 1194 883 propter
1226 833 1431 871 terribilem
1465 833 1596 871 draco-

175 909 262 933 nem
299 895 443 933 dictum
477 908 562 934 esse
596 896 873 944 existimamus,
910 895 1067 933 audacia
1098 896 1400 948 insonlentiaque
1433 896 1595 935 conferri

174 962 308 1013 possit.
363 961 410 1000 E.
431 976 466 1012 g.
495 961 696 1000 Ernestius
734 960 866 1000 laudat
904 961 942 1000 S.
964 960 1089 1010 VIII,
1124 963 1200 1000 622
1240 961 1321 1010 „Ut
1353 968 1507 1001 ventum
1546 962 1596 1001 ad

176 1025 339 1074 Cannas,
369 1026 473 1064 urbis
504 1026 667 1076 vestigia
695 1025 844 1077 priscae
862 1025 1047 1076 Defigunt
1074 1025 1174 1063 diro
1203 1026 1333 1077 signa
1359 1026 1596 1065 infelicia-

175 1091 334 1130 vallo.“
389 1090 466 1130 Sed
500 1090 585 1142 quis
614 1095 689 1139 est,
729 1092 821 1142 quin
858 1090 1060 1142 intelligat,
1099 1096 1283 1142 quantum
1317 1091 1511 1130 dissimilis
1545 1093 1596 1131 sit

173 1155 301 1194 verbis
327 1155 375 1193 de
394 1154 532 1205 quibus
560 1155 623 1193 hic
641 1155 845 1205 ambigitur
871 1155 905 1193 is
932 1155 1049 1202 locus,
1077 1155 1143 1205 qui
1170 1159 1321 1206 spectat
1347 1155 1397 1193 ad
1418 1155 1595 1194 foedissi-

173 1233 277 1257 mum
304 1219 410 1257 illum
438 1232 589 1271 pugnae
609 1218 822 1258 Cannensis
847 1219 1000 1267 exitum,
1019 1232 1115 1270 quae
1134 1232 1195 1258 res
1215 1219 1390 1258 omnibus
1418 1220 1593 1259 carminis

171 1284 379 1323 lectoribus
407 1284 500 1322 satis
529 1288 620 1322 nota
639 1285 721 1322 est?
758 1283 893 1335 Neque
913 1284 1039 1335 aptius
1058 1284 1267 1336 Rupertius
1287 1284 1445 1323 confert.
1464 1299 1500 1324 v.
1518 1287 1593 1324 153

172 1349 291 1388 verba
308 1349 455 1397 „letalis
473 1350 578 1400 ripa“
586 1363 596 1397 ;
624 1354 726 1387 recte
746 1349 846 1387 enim
865 1348 927 1386 hic
945 1349 1027 1400 ripa
1046 1349 1215 1397 ,‚letalis“
1234 1348 1309 1387 dici
1328 1354 1466 1401 potest,
1490 1349 1594 1400 quod

172 1414 247 1452 iam
289 1415 461 1465 proxime
500 1412 853 1465 praegredientibus
893 1413 1021 1452 verbis
1057 1418 1290 1461 „monstrum
1330 1414 1521 1453 exitiabile
1555 1420 1594 1453 et

171 1478 227 1517 ira
253 1478 400 1517 telluris
427 1478 598 1530 genitum
618 1482 711 1516 etc.“
738 1479 872 1530 anguis
899 1477 1075 1516 horridus
1101 1483 1433 1517 comme-moratus
1453 1483 1521 1517 est.
1541 1503 1591 1508 —

169 1543 258 1582 Jam
287 1543 485 1583 videamus
524 1544 698 1592 alteram,
734 1557 810 1594 qua
836 1543 1037 1582 Ernestius
1077 1556 1169 1582 usus
1204 1549 1280 1591 est,
1319 1544 1592 1595 interpretandi

170 1608 366 1646 rationem.
422 1608 499 1648 Vir
526 1607 662 1646 doctus
697 1609 798 1645 enim
828 1608 1056 1646 vocabulum
1088 1608 1262 1655 „saevis“
1295 1607 1343 1646 de
1370 1608 1486 1646 nimia
1520 1609 1591 1646 sic-

170 1673 284 1711 citate
314 1678 354 1711 et
380 1672 594 1725 periculosa
628 1672 794 1711 fontium
829 1673 987 1725 penuria
1022 1673 1142 1725 accipi
1178 1672 1271 1712 vult.
1327 1672 1437 1720 Quae
1472 1673 1591 1725 expli-

170 1738 269 1775 catio
306 1738 403 1776 bene
431 1751 473 1776 se
501 1737 674 1785 haberet,
712 1738 745 1775 si
783 1737 848 1775 illa
884 1751 976 1776 arva
1012 1737 1124 1789 plane
1161 1751 1259 1789 aqua
1292 1743 1457 1788 egerent.
1513 1738 1590 1777 Sed

169 1816 254 1840 cum
273 1801 451 1854 Bagrada
478 1802 628 1850 flumen,
657 1802 764 1840 cuius
792 1801 1013 1853 magnitudo
1032 1816 1096 1842 vv.
1118 1804 1328 1841 141—143
1355 1802 1590 1854 exprimitur,

168 1872 287 1904 totam
324 1868 517 1918 regionem
550 1867 770 1917 perflueret,
798 1866 1026 1905 vocabulum
1058 1867 1229 1914 ,‚saevis“
1256 1866 1305 1904 de
1333 1867 1503 1905 siccitate
1531 1881 1590 1905 ar-

168 1945 303 1971 vorum
341 1946 474 1984 parum
508 1937 596 1984 apte
631 1930 774 1971 dictum
812 1945 897 1971 esse
933 1931 1096 1971 videtur.
1150 1931 1248 1981 Jam,
1287 1931 1478 1983 quomodo
1506 1933 1588 1984 ipse

168 1996 215 2034 de
248 2010 342 2036 voce
370 1998 542 2045 ‚‚saevis“
570 1997 741 2045 sentiam,
774 2010 852 2035 non
884 1996 1027 2035 diutius
1055 1997 1201 2036 tacebo.
1261 1997 1390 2035 Primo
1418 1998 1590 2045 ‚,saevis“

167 2067 211 2100 ut
232 2061 396 2101 Heinsio
424 2067 464 2102 et
483 2076 557 2102 van
576 2062 730 2104 Veenio
758 2062 812 2101 ita
838 2062 932 2101 mihi
959 2075 1110 2114 quoque
1138 2061 1375 2114 corruptelae
1404 2062 1588 2115 suspicio-

166 2140 255 2165 nem
287 2128 409 2166 movit
436 2133 476 2166 et
501 2128 659 2175 „siccis“
685 2127 972 2166 rescribendum
1003 2141 1089 2166 esse
1122 2127 1314 2178 opinabar.
1375 2127 1452 2165 Sed
1488 2141 1587 2166 nunc

165 2191 260 2229 nihil
287 2196 432 2230 mutare
461 2193 648 2244 optimum
671 2191 835 2230 videtur.
881 2191 1126 2233 Vocabulum
1153 2191 1327 2240 ,‚saevis“
1354 2191 1467 2240 enim,
1494 2191 1587 2243 quid

165 2257 374 2308 significet,
412 2257 588 2296 versibus
628 2258 801 2309 proxime
843 2257 1108 2308 sequentibus,
1150 2256 1288 2308 quibus
1328 2256 1495 2295 vicinum
1537 2258 1586 2296 ob

165 2322 289 2360 varias
322 2334 455 2359 causas
486 2321 654 2359 terribile
684 2334 819 2359 nemus
852 2320 1095 2369 describitur,
1122 2321 1272 2372 planius
1311 2319 1459 2358 definiri
1493 2321 1586 2359 mihi

165 2384 327 2425 videtur.
364 2385 495 2433 Quare
513 2386 554 2425 in
572 2386 764 2425 nonnullis
784 2385 1060 2438 antiquioribus
1080 2385 1311 2426 editionibus
1329 2390 1420 2438 post
1436 2386 1584 2436 ,‚arvis“

161 2456 265 2490 recte
294 2451 406 2490 colon
432 2452 602 2504 positum
630 2457 699 2490 est.
