1747 2820
864 113 913 151 26

307 228 371 268 Sic
390 243 525 269 versus
553 230 592 268 in
616 230 791 269 omnibus
811 230 1007 270 codicibus
1027 234 1189 279 exstant,
1217 229 1288 270 sed
1313 229 1384 269 hac
1412 229 1598 283 scriptura

177 308 253 333 11011
273 294 417 334 intacta
435 300 548 347 atque
567 296 716 347 integra
741 300 879 347 poetae
898 296 1015 336 verba
1041 295 1151 336 reddi
1178 294 1321 347 liquide
1339 300 1456 348 patet,
1474 309 1596 348 neque

177 359 289 407 ullus,
318 360 392 398 nisi
420 360 543 408 fallor,
572 361 632 399 vir
659 360 796 399 doctus
824 362 1049 400 auctoritate
1078 374 1147 400 sua
1174 374 1258 399 eam
1285 361 1504 399 confirmare
1532 374 1597 399 co-

177 429 290 463 natus
320 430 388 463 est.
442 424 530 463 Jam
559 425 652 464 satis
680 425 791 464 multi
818 425 1037 477 diversique
1066 424 1292 465 emendandi
1319 430 1477 464 conat-us
1504 424 1597 464 facti

178 494 284 536 sunt,
313 488 382 527 sed
411 489 538 528 nullus
566 490 614 528 ab
643 490 746 528 omni
774 495 881 541 parte
909 504 1070 542 prosper
1096 504 1181 529 esse
1209 490 1301 528 mihi
1329 490 1491 528 videtur.
1542 489 1598 529 Ut

177 558 320 591 taceam
350 552 398 592 de
426 553 569 593 talibus
597 554 822 594 lectionibus
850 568 920 607 pro
947 554 1147 603 ‚‚tandem“
1171 579 1221 584 —
1241 568 1316 607 quo
1343 555 1383 592 in
1411 553 1597 593 vocabulo

176 618 328 669 plurimi
356 619 583 670 interpretes
610 620 746 658 vitium
773 620 891 658 latere
920 620 1173 671 opinabantur
1191 644 1242 649 —
1261 619 1478 671 propositis,
1506 633 1598 670 qua-

175 682 231 720 les
260 687 366 721 sunt:
395 682 617 731 „lauream“‚
644 682 847 732 „cladem“,
874 683 1069 733 „molem“‚
1096 684 1336 732 ‚‚volucrem“
1363 687 1406 734 (c.
1434 696 1465 722 e.
1493 683 1598 734 aqui-

174 747 250 787 lam
269 748 418 800 imperii
438 748 602 788 Romani
621 749 793 801 insigne),
821 754 1030 798 „eausam“‚
1057 749 1252 799 ‚,famam“,
1277 753 1474 798 „sortem“,
1501 762 1598 801 quae

176 826 308 851 omnes
328 813 452 852 solido
479 814 662 852 librorum
690 814 941 853 fundamento
968 828 1101 866 parum
1129 816 1302 853 nituntur
1328 819 1597 865 praetereaque

177 892 314 929 magna
332 892 381 917 ex
408 883 517 930 parte
544 879 683 918 malam
711 881 940 918 sententiam
959 879 1138 928 efficiunt,
1165 881 1326 932 primam
1345 892 1597 918 commemoro

177 943 330 981 Heinsii
350 944 607 981 coniecturam
635 944 832 991 ,‚laudem“
922 945 1134 994 ‚‚gloriam“.
1176 944 1287 990 Quae
1307 945 1494 994 scriptura
1511 957 1598 994 pro-

177 1006 289 1046 batur
316 1006 497 1047 Ernestio
526 1008 637 1060 eique
671 1013 760 1061 apte
796 1008 845 1047 ad
873 1008 1035 1048 Fabium
1064 1012 1237 1061 spectare
1265 1007 1419 1048 videtur
1444 1012 1599 1060 „quate-

176 1086 248 1111 nus
277 1073 310 1111 is
338 1074 480 1112 virtute
509 1079 548 1112 et
574 1074 778 1125 prudentia
805 1088 874 1112 sua
901 1088 984 1112 eam
1017 1074 1167 1112 laudem
1197 1079 1487 1112 conservaturus
1517 1073 1600 1112 sit.“

177 1136 255 1175 Sed
283 1151 354 1189 ego
382 1151 538 1189 prorsus
568 1138 678 1176 aliter
706 1138 840 1177 sentio.
895 1137 954 1177 Ut
982 1138 1081 1176 enim
1107 1151 1155 1176 ex
1174 1152 1211 1176 v.
1232 1139 1308 1176 595
1329 1150 1433 1189 seqq.
1454 1137 1597 1176 verbis:

176 1202 309 1249 „Jovis
329 1203 394 1241 illa
412 1203 537 1241 ruenti
557 1203 754 1241 Ausoniae
774 1208 888 1254 atque
907 1203 1017 1241 Italis
1036 1207 1188 1254 tempus
1207 1202 1434 1254 protendere
1461 1203 1598 1253 regnis,

177 1267 279 1306 Cura
306 1267 403 1306 fuit“
431 1268 531 1307 clare
559 1273 733 1320 apparet,
760 1268 940 1320 Juppiter
968 1282 1014 1306 eo
1042 1273 1190 1306 tantum
1218 1267 1376 1306 consilio
1405 1267 1598 1306 Romanos

175 1333 343 1383 impulit,
380 1338 423 1370 ut
449 1333 612 1371 Fabium
647 1333 872 1371 dictatorem
902 1332 1083 1380 dicerent,
1122 1337 1165 1370 ut
1191 1332 1317 1371 Roma
1352 1332 1399 1370 ab
1433 1333 1597 1370 instante

175 1397 330 1436 interitu
361 1402 588 1446 servaretur,
615 1412 691 1436 non
725 1403 768 1437 ut
800 1399 961 1450 pristina
988 1397 1248 1436 Romanorum
1280 1397 1400 1449 gloria
1426 1396 1598 1436 cladibus

174 1462 223 1500 ad
251 1462 447 1510 Ticinum,
475 1463 665 1510 Trebiam,
693 1463 817 1501 lacum
845 1463 1136 1501 Trasimennum
1164 1462 1330 1514 acceptis
1359 1462 1470 1500 valde
1498 1463 1598 1499 infir-

175 1532 277 1566 mata
294 1528 569 1576 restitueretur,
598 1542 710 1580 quam
739 1528 788 1567 ob
817 1541 897 1566 rem
925 1526 1132 1576 „laudem“,
1160 1527 1334 1579 quamvis
1368 1526 1493 1565 editae
1522 1527 1598 1566 lee-

175 1594 269 1630 tioni
309 1593 431 1630 simile
472 1594 538 1640 sit,
578 1593 649 1630 hoc
688 1593 774 1631 loeo
808 1594 979 1643 ineptum
1014 1597 1082 1630 est.
1145 1592 1281 1642 Neque
1315 1593 1434 1642 magis
1470 1592 1597 1629 sensui

176 1657 362 1695 satisfacit
389 1657 521 1696 Bothii
548 1657 734 1706 „Romam
763 1657 899 1705 illam“‚
920 1648 978 1694 'ut
1006 1657 1238 1708 significetur
1265 1661 1436 1695 nostrum
1471 1657 1597 1707 „lenes
1634 1649 1636 1652 ¹

173 1722 385 1770 beriihmte,
423 1727 532 1761 sonst
568 1736 611 1761 so
640 1722 829 1774 machtige
858 1722 993 1761 Rom.“
1047 1720 1214 1760 Accedit
1249 1720 1368 1773 quod,
1405 1720 1597 1772 quomodo

174 1801 222 1826 ex
250 1787 379 1827 verbis
407 1788 594 1836 „Romam
622 1788 747 1826 illam“
774 1787 876 1826 haud
912 1787 966 1826 ita
993 1787 1175 1826 usitatum
1203 1800 1325 1838 neque
1354 1787 1446 1825 satis
1476 1786 1597 1825 simile

173 1853 405 1892 adiectivum
439 1853 710 1901 „Romuleam“
743 1854 847 1891 nasci
885 1854 1064 1904 potuerit,
1100 1866 1177 1890 non
1212 1852 1326 1891 facile
1359 1853 1597 1903 perspicitur.

173 1919 325 1957 Bauero
359 1918 503 1970 placuit
536 1918 700 1957 scribere
729 1917 915 1965 „sedem“,
948 1917 1050 1968 quod
1086 1916 1135 1955 ad
1163 1917 1365 1955 verborum
1393 1916 1598 1955 cohaeren-

173 1983 265 2021 tiam
285 1983 428 2034 optime
449 1996 540 2021 sane
559 1982 730 2033 quadrat,
759 1981 828 2020 sed
856 1982 968 2020 nimis
988 1995 1009 2020 a
1028 1981 1202 2020 codicum
1230 1981 1416 2032 scriptura
1443 1980 1597 2029 recedit,

173 2061 285 2098 quam
313 2052 357 2085 ut
384 2061 407 2085 a
434 2052 549 2098 poeta
577 2048 662 2098 ipso
690 2047 861 2098 profecta
890 2060 974 2085 esse
1003 2046 1210 2085 existimari
1238 2046 1371 2097 possit.
1425 2045 1597 2083 Alteram

174 2112 399 2149 emendandi
425 2113 611 2150 rationem
629 2111 824 2149 Drakenb.
858 2111 1042 2157 adhibuit,
1069 2124 1139 2162 pro
1166 2114 1377 2157 „mentem“
1402 2114 1598 2160 „gentem“

174 2190 320 2228 ponens
349 2182 388 2215 et
415 2178 580 2228 priorem
610 2176 794 2215 enuntiati
823 2175 1109 2214 distinctionem
1137 2179 1300 2223 mutans,
1328 2179 1371 2212 ut
1397 2174 1515 2214 verba
1542 2174 1596 2212 ita

173 2241 361 2293 legantur:

482 2335 867 2345 ...........
910 2305 977 2343 dat
1010 2304 1164 2343 numine
1196 2318 1333 2356 magno

432 2371 638 2417 Aeneadis,
665 2376 819 2422 gentem
848 2371 993 2421 gremio
1024 2369 1215 2421 deponere
1243 2374 1327 2408 tuto

431 2435 657 2475 Romuleam
685 2434 838 2474 tandem
869 2464 1102 2473 .......
