1747 2820
302 797 511 885 Blassio,
540 838 622 877 viro
650 837 870 877 doctissimo
898 841 1011 889 atque
1040 837 1284 889 sagacissimo
1312 842 1352 877 et
1378 851 1464 877 cum
1491 838 1584 877 Thi-

171 902 258 940 lone
292 901 340 940 de
374 902 527 941 Silianis
561 902 697 940 studiis
733 901 989 953 provehendis
1026 903 1168 953 optime
1201 903 1352 950 merito,
1385 916 1473 941 cum
1508 904 1583 942 iam

172 979 303 1005 omnes
332 972 538 1018 sperarent,
566 980 703 1006 novam
732 971 868 1019 poetae
896 965 1101 1005 editionem
1130 966 1178 1006 ab
1206 980 1252 1006 eo
1280 972 1448 1006 curatam
1476 967 1584 1007 brevi

172 1031 211 1069 in
238 1031 361 1069 lucem
389 1031 625 1083 prodituram
644 1045 739 1080 esse,
767 1036 1006 1083 praematura
1024 1036 1146 1070 morte
1165 1032 1334 1083 abrepto,
1361 1032 1583 1071 Ludovicus

172 1095 344 1135 Bauerus
393 1096 557 1149 impulsu
597 1096 788 1135 Teubneri
834 1097 1027 1149 inceptum
1069 1109 1165 1149 opus
1207 1096 1405 1136 absolvere
1447 1097 1583 1149 coepit.

172 1161 283 1200 Prior
310 1161 486 1201 editionis
515 1175 636 1201 novae
664 1176 768 1213 pars,
801 1157 898 1213 quae
925 1161 1042 1200 libros
1070 1161 1189 1199 I—X
1217 1161 1388 1209 exhibet,
1421 1167 1583 1200 exeunte

172 1220 271 1263 anno
301 1227 403 1265 1890
433 1226 617 1278 impressa
650 1231 724 1275 est,
757 1239 868 1278 quam
897 1226 1085 1274 volumen,
1118 1239 1193 1278 quo
1219 1226 1306 1265 libri
1333 1226 1585 1267 XI—XVH

173 1292 423 1339 continentur,
451 1293 655 1343 praeterito
684 1305 782 1330 anno
811 1296 982 1330 secutum
1011 1296 1079 1330 est.
1134 1292 1297 1343 Propter
1324 1305 1479 1343 magnas
1506 1292 1584 1330 vir-

172 1359 286 1402 tutes,
318 1355 456 1406 quibus
489 1357 593 1407 prior
620 1369 708 1407 pars
741 1355 1085 1403 commendabatur,
1118 1368 1187 1394 suo
1220 1356 1301 1394 iure
1328 1355 1475 1407 deepio,
1508 1357 1584 1394 iam

172 1420 389 1472 priusquam
418 1420 578 1459 alterum
606 1420 783 1460 volumen
817 1420 959 1473 publici
991 1420 1083 1459 iuris
1116 1420 1258 1459 factum
1286 1425 1355 1469 est,
1387 1422 1428 1459 in
1454 1434 1584 1459 recen-

174 1485 292 1523 senda
307 1488 319 1510 ¹
347 1484 418 1522 hac
445 1486 569 1536 priore
598 1486 724 1536 operis
751 1490 859 1536 parte
887 1484 1075 1523 affirmare
1103 1484 1252 1532 licebat,
1278 1498 1348 1523 nos
1377 1484 1584 1523 editionem

171 1553 426 1602 praestantem
463 1554 502 1589 et
537 1554 640 1589 certo
677 1549 851 1589 codicum
888 1548 1138 1589 fundamento
1175 1549 1314 1599 nisam,
1349 1564 1425 1602 qua
1459 1549 1583 1590 adhuc

172 1628 395 1663 careremus,
423 1615 626 1667 adepturos
655 1629 750 1654 esse.
788 1615 945 1663 Omnes,
972 1615 1038 1666 qui
1056 1614 1104 1653 de
1123 1615 1248 1666 priore
1267 1615 1460 1654 volumine
1484 1615 1583 1654 iudi-

171 1680 271 1718 cium
298 1679 483 1728 fecerunt,
500 1680 650 1719 Bauero
679 1694 846 1719 summae
865 1679 968 1718 laudi
988 1684 1151 1727 vertunt,
1169 1679 1273 1731 quod
1299 1680 1470 1731 plurimis
1488 1680 1582 1718 locis

172 1743 344 1783 codicum
379 1745 603 1796 scripturam
636 1744 809 1783 defendit
836 1749 966 1783 contra
999 1745 1118 1795 magis
1152 1744 1343 1795 speciosas
1376 1758 1489 1795 quam
1516 1758 1583 1782 ne-

172 1810 354 1848 cessarias
382 1809 617 1848 coniecturas
646 1810 814 1849 virorum
841 1808 1048 1847 doctorum.
1098 1809 1301 1847 Praeterea
1328 1808 1464 1847 editori
1492 1822 1582 1848 con-

171 1874 307 1913 cedere
326 1874 519 1923 debemus,
547 1888 633 1913 eum
655 1888 725 1926 pro
743 1874 847 1913 felici
875 1887 944 1913 sua
962 1873 1206 1921 divinatione,
1233 1874 1341 1912 cuius
1368 1873 1443 1912 iam
1471 1879 1583 1912 antea

171 1939 211 1977 in
239 1940 555 1978 commentatione
587 1939 666 1988 „Zu
699 1939 815 1978 Silius
847 1939 1025 1977 Italicus“
1040 1943 1054 1964 '2
1086 1939 1270 1990 sagaciter
1301 1939 1442 1989 scripta
1474 1952 1583 1990 prae-

172 2004 271 2042 clara
290 2004 497 2055 specimina
515 2003 683 2052 dederat,
710 2003 812 2042 haud
839 2003 970 2056 paucis
997 2003 1092 2042 locis
1111 2007 1212 2041 certe
1231 2002 1418 2054 corruptis
1446 2008 1582 2054 poetae

172 2082 324 2107 manum
356 2069 583 2120 reposuisse.
637 2069 728 2107 Alia
760 2068 937 2108 editionis
966 2068 1087 2107 virtus
1114 2069 1154 2105 in
1182 2081 1227 2106 eo
1255 2067 1462 2106 consistere
1490 2068 1583 2106 mihi

171 2132 334 2181 videtur,
354 2133 457 2185 quod
474 2134 646 2173 Bauerus
664 2134 704 2172 in
723 2133 886 2173 diversis
904 2133 1083 2172 librorum
1109 2132 1335 2171 lectionibus
1362 2132 1584 2184 plerumque

170 2199 332 2237 maxime
360 2198 604 2238 verisimilem
632 2198 756 2251 elegit.

300 2263 379 2303 Sed
406 2265 583 2316 quoniam
618 2264 666 2304 de
695 2264 899 2306 virtutibus
932 2277 1054 2303 novae
1082 2262 1165 2302 Silii
1199 2263 1377 2303 editionis
1406 2263 1584 2312 diximus,

172 2342 217 2367 ea
243 2342 406 2381 quoque,
433 2343 530 2381 quae
557 2330 682 2368 minus
715 2329 882 2382 placent,
910 2327 1235 2367 commemoranda
1267 2333 1366 2367 sunt.
1421 2329 1481 2368 Ac
1508 2328 1586 2382 pri-

302 2459 312 2476 ¹
336 2459 493 2490 Bursians
515 2458 764 2491 Jahresbericht
788 2459 879 2491 1890.
925 2458 984 2489 Bd.
1009 2459 1058 2490 63.
1104 2468 1133 2499 p.
1159 2458 1229 2489 203.

301 2512 313 2530 ²
336 2512 544 2546 Fleckeisens
566 2512 777 2547 Jahrbficher
800 2513 893 2553 1888,
916 2524 947 2559 p.
974 2512 1148 2547 193—224.
