1747 2820
873 120 922 159 30

183 234 414 283 ,‚Picenum“
451 235 631 276 adiuncto
672 236 866 278 offendere
893 252 971 278 non
998 239 1098 288 licet,
1137 253 1222 279 cum
1261 241 1434 293 exempla
1470 241 1603 281 similis

183 301 325 350 poetici
365 314 457 339 usus
495 301 597 353 apud
633 301 769 340 Silium
808 303 951 354 passim
990 303 1331 355 deprehendantur.
1399 305 1465 344 cfr.
1503 305 1603 353 VH,

186 366 263 404 160
291 379 406 414 „arva
432 365 563 405 uberis
587 365 762 405 Falerni“
789 366 888 416 VH,
917 369 994 407 210
1022 367 1154 416 „dives
1182 369 1375 419 Tmolus,“
1410 370 1603 422 multaque

183 430 267 468 alia.
309 431 550 469 Postremum
577 444 757 480 memoro,
784 446 895 484 agros
915 432 1048 471 Piceni
1076 438 1164 485 apte
1184 447 1207 472 a
1224 440 1339 485 poeta
1365 435 1602 483 ‚‚Pa]]adios“

184 494 308 533 dictos
348 508 445 544 esse,
486 509 573 534 cum
612 495 838 536 feracissimi
878 502 1007 536 essent
1041 497 1238 547 olivarum,
1280 513 1393 551 quam
1431 500 1602 539 arborem

183 560 331 598 Palladi
359 574 505 599 sacram
533 560 651 600 fuisse
680 567 770 601 nota
796 576 858 601 res
887 567 956 601 est.
1001 562 1070 601 cfr.
1096 563 1194 601 Plin.
1222 564 1309 603 hist.
1338 570 1414 604 nat.
1438 565 1536 613 XV,
1558 568 1600 605 3:

181 625 252 675 „In
280 626 364 678 ipsa
382 625 497 665 Italia
524 628 683 666 caeteris
705 627 818 668 olivis
837 628 1103 680 praeferuntur
1128 628 1292 668 Picenae
1321 634 1361 669 et
1379 629 1603 670 Sidicinae.“

551 802 662 851 Lib.
697 803 810 861 VII,
845 816 927 851 vv.
961 803 1233 852 409—412.

374 908 499 956 „Ecce
527 913 654 947 autem
682 908 773 947 flatu
801 909 933 948 classis
961 909 1174 949 Phoenissa
1201 910 1380 959 secundo,

374 967 508 1011 Litora
536 972 692 1011 Caietae
720 973 1094 1025 Laestrygoniosque
1122 987 1295 1013 recessus

376 1036 557 1077 Sulcabat
583 1039 716 1077 rostris
745 1043 953 1091 portusque
981 1040 1139 1077 intrarat
1166 1044 1327 1091 apertos,

376 1104 436 1142 Ac
463 1108 567 1142 totus
595 1104 714 1142 multo
744 1104 944 1156 spumabat
970 1104 1111 1155 remige
1139 1109 1303 1156 pontus“
1331 1129 1381 1135 -—

309 1169 474 1221 Propter
508 1168 735 1221 imperfecta
768 1168 982 1218 ‚,sulcabat‘·
1017 1174 1054 1208 et
1091 1169 1337 1221 „spumabat“
1368 1170 1598 1211 Lefeburius

180 1240 219 1274 et
247 1248 322 1274 van
348 1234 525 1275 Vcenius
561 1247 631 1286 pro
660 1234 873 1283 ,‚intrarat“‚
901 1249 1013 1286 quam
1041 1235 1402 1287 plusquamperfecti
1437 1236 1599 1275 formam

179 1313 311 1338 omnes
345 1298 496 1338 codices
533 1303 733 1347 testantur,
772 1299 982 1347 „intrabat“
1016 1299 1173 1338 rescribi
1207 1300 1395 1339 volebant.
1455 1301 1532 1340 Sed
1559 1302 1601 1340 li-

178 1365 333 1403 brorum
367 1364 555 1415 scriptura
592 1364 795 1411 „intrarat“
833 1363 1022 1402 servanda
1065 1369 1142 1412 est,
1192 1378 1278 1402 cum
1315 1365 1603 1418 plusquamper-

178 1429 320 1468 fectum
360 1428 423 1467 hic
451 1427 665 1480 imperfecti
699 1428 847 1467 vicibus
884 1428 1073 1480 fungatur,
1107 1433 1150 1466 ut
1188 1441 1308 1480 aeque
1335 1429 1525 1478 „afflarat“
1563 1431 1601 1468 in

178 1495 201 1534 l.
229 1495 263 1543 I,
293 1496 369 1533 576
400 1507 520 1545 seqq.:
558 1493 755 1542 „Pellebat
791 1508 944 1533 somnos
980 1494 1137 1532 Tithoni
1173 1494 1322 1533 roscida
1358 1496 1513 1544 coniux,
1542 1497 1602 1534 Ac

178 1559 314 1597 rutilus
342 1559 475 1611 primis
504 1559 658 1610 sonipes
687 1558 897 1597 hinnitibus
927 1559 1023 1597 altos
1052 1558 1198 1596 afflarat
1231 1561 1370 1597 montis
1398 1574 1601 1612 roseasque

178 1625 359 1665 movebat
381 1624 581 1673 habenas“,
610 1624 674 1676 qui
702 1624 810 1664 locus
838 1629 969 1664 nostro
997 1629 1075 1664 tam
1104 1625 1237 1664 similis
1257 1630 1326 1674 est,
1354 1640 1467 1677 quam
1486 1640 1601 1666 ovum

179 1704 264 1730 ovo,
320 1690 410 1736 Qua
437 1690 477 1728 in
506 1689 763 1741 discrepantia
795 1690 921 1741 legum
955 1691 1284 1741 grammaticarum
1312 1690 1405 1728 nihil
1433 1691 1600 1730 insolens

178 1755 342 1795 inveniri
369 1760 508 1807 potest,
537 1769 623 1793 cum
651 1760 695 1793 ut
727 1755 767 1793 in
794 1755 924 1794 multis
953 1755 1036 1794 aliis
1064 1755 1118 1794 ita
1146 1756 1259 1795 etiam
1286 1755 1326 1794 in
1354 1770 1426 1795 usu
1454 1761 1601 1809 tempo-

177 1834 261 1858 rum
289 1820 425 1859 Silium
452 1821 614 1858 multum
643 1820 716 1858 sibi
744 1818 960 1867 indulsisse,
987 1820 1249 1871 frequentibus
1281 1821 1475 1873 exemplis,
1503 1835 1599 1873 quae

177 1885 325 1926 Verres
384 1886 588 1937 congessit,
616 1885 709 1924 satis
738 1884 990 1924 confirmetur.

564 2049 675 2099 Lib.
712 2049 824 2109 vll,
860 2062 907 2099 V.
943 2049 1211 2100 536—537.

306 2157 430 2205 Quasi
457 2157 690 2210 praeteriens
719 2171 971 2196 commemoro
999 2158 1039 2195 in
1059 2156 1203 2197 verbis:
1230 2157 1382 2209 „Atque
1408 2172 1453 2197 ea
1472 2157 1598 2198 Cunc-

176 2229 278 2263 tator
305 2223 490 2276 pensabat
517 2224 565 2262 ab
593 2237 729 2275 aggere
758 2223 859 2272 valli,
886 2223 1127 2262 Perlustrans
1147 2236 1300 2276 campos
1329 2223 1448 2263 oculis
1449 2254 1573 2272 .....
1577 2229 1598 2247 “

175 2291 214 2329 in
245 2289 420 2330 omnibus
458 2289 687 2329 editionibus
722 2303 852 2329 veram
888 2289 1232 2341 interpunctionem
1268 2288 1392 2329 adhuc
1427 2289 1597 2329 nondum

309 2409 317 2426 ¹
342 2409 379 2440 P.
406 2409 541 2440 Verres:
576 2409 626 2440 De
648 2408 771 2439 Tiberii
805 2408 877 2440 Silii
907 2408 1016 2439 Italici
1040 2408 1175 2440 Punicis
1208 2412 1241 2439 et
1265 2408 1372 2440 Italici
1411 2408 1515 2441 Iliade
1549 2408 1596 2441 la-

176 2464 247 2498 tina
270 2463 481 2506 quaestiones
505 2463 741 2505 grammaticae
764 2467 796 2495 et
820 2462 984 2495 metricae.
1031 2462 1122 2495 Mon.
1149 2463 1232 2495 1888
1256 2464 1299 2505 (p.
1328 2464 1364 2495 17
1384 2463 1488 2506 seqq.)
