1747 2820
847 153 898 191 28

158 270 272 310 dem“
291 276 330 310 et
357 272 598 311 coniecturae
626 285 732 311 meae
760 271 916 311 minima
933 276 993 311 est
999 286 1010 320 3
1037 271 1186 311 litterae
1213 272 1272 320 „i“
1298 276 1337 311 et
1364 275 1425 320 ‚,t“
1452 272 1492 310 in
1515 285 1581 311 an-

160 336 278 388 tiquis
310 336 417 375 libris
454 336 665 375 simillimae
699 337 813 376 etiam
849 337 939 376 alibi
978 350 1092 389 saepe
1128 337 1337 388 permixtae
1374 341 1478 384 sunt,
1505 350 1580 388 quo

161 414 288 440 errore
317 402 519 440 commisso
547 401 660 440 facile
687 401 865 440 hocloco
883 403 964 440 fieri
991 406 1151 453 poterat,
1178 406 1222 439 ut
1249 414 1380 439 socors
1407 400 1581 439 librarius

162 479 210 503 ex
238 471 337 513 „tam
356 470 459 503 rem“
475 465 677 513 ‚,tandem“
695 466 848 516 legeret.
877 465 920 505 Si
939 467 1000 504 cui
1019 465 1182 516 denique
1201 465 1438 516 propositum
1456 478 1582 503 meum

163 543 240 568 non
267 529 395 581 placet
421 534 580 581 propter
597 529 802 569 duritatem
829 532 952 578 metri,
980 544 1065 569 cum
1093 529 1190 569 duae
1218 529 1372 569 eaedem
1399 529 1479 568 fere
1507 529 1583 580 syl-

161 593 269 632 labae
297 593 563 642 „Romuleam
590 594 705 633 iam“
732 594 913 647 deinceps
942 599 1162 647 sequantur,
1202 594 1235 633 is
1263 607 1408 633 memor
1434 594 1495 642 sit,
1523 592 1583 632 Si-

163 659 256 697 lium
282 673 359 698 non
388 673 473 699 esse
502 660 714 711 elegantem
742 666 855 711 atque
882 660 1113 712 perpolitum
1140 660 1434 699 versificatorem
1441 689 1451 708 ,
1480 659 1583 697 simi-

161 723 292 775 lesque
312 724 423 762 metri
443 723 602 762 duritias
622 737 698 763 non
717 725 830 763 nimis
848 737 951 763 raras
972 737 1067 763 esse.
1103 724 1171 763 cfr.
1191 724 1305 764 velim
1321 747 1372 752 —-
1387 728 1430 761 ut
1448 737 1582 761 unum-

162 788 315 839 quidem
346 789 562 841 exemplum
590 789 756 829 afferam.
786 814 836 819 --
864 790 888 828 l.
916 789 991 829 IX.
1021 804 1056 829 v.
1086 792 1162 829 372
1193 790 1344 838 „vitam
1370 789 1490 828 iam.“

565 986 677 1033 Lib.
712 986 797 1043 VI,
833 999 880 1032 v·
916 986 1014 1032 648
1040 997 1184 1043 seqq.

293 1113 391 1152 Post
409 1114 595 1165 proelium
614 1113 663 1152 ad
681 1113 972 1152 Trasimennum
999 1112 1144 1151 factum
1163 1112 1360 1151 Hannibal
1386 1111 1583 1159 „turbatus

164 1176 260 1215 Iove
289 1182 329 1215 et
365 1182 502 1216 exutus
530 1191 599 1229 spe
638 1177 788 1215 moenia
815 1177 960 1215 Romae
999 1176 1199 1228 pulsandi“
1235 1179 1284 1226 (v.
1314 1177 1404 1225 642)
1444 1175 1584 1213 avertit

164 1241 238 1281 iter
265 1242 304 1281 in
334 1242 534 1282 Umbriam
562 1248 602 1282 et

425 1312 528 1354 „tum
557 1307 750 1345 Palladios
779 1320 821 1345 se
847 1306 975 1344 fundit
1002 1307 1040 1343 in
1069 1319 1179 1356 agros

297 1371 480 1411 Picenum
509 1370 620 1416 dives
648 1370 812 1424 praedae
842 1375 955 1423 atque
984 1369 1196 1410 errantibus
1225 1371 1350 1419 armis,

295 1437 386 1483 Quo
415 1437 537 1488 spolia
564 1437 739 1484 invitant,
767 1436 950 1474 transfert
977 1436 1200 1487 populantia
1227 1437 1374 1486 signa;“

166 1500 411 1542 Vocabulum
449 1501 678 1550 „Picenum“
716 1500 900 1539 librorum
938 1512 1127 1538 consensu
1165 1498 1347 1538 traditum
1386 1499 1433 1538 ab
1462 1498 1584 1538 edito-

165 1566 282 1612 ribus,
322 1567 397 1604 nisi
435 1566 556 1613 fallor,
596 1566 788 1615 genitivus
830 1579 899 1616 pro
926 1565 1200 1612 ,‚Picenorum“
1235 1582 1286 1599 z
1318 1564 1387 1602 der
1423 1564 1585 1602 Picener

165 1629 337 1683 pendens
365 1635 430 1669 aut
454 1644 478 1670 a
496 1630 624 1671 verbis
651 1629 866 1679 „Palladios
894 1633 1029 1682 agros“
1056 1633 1121 1668 aut
1145 1642 1168 1667 a
1186 1628 1427 1668 substantivo
1454 1641 1604 1681 „prae-2

165 1695 261 1734 dae“
287 1696 531 1747 intellegitur.
587 1696 665 1735 Sed
701 1696 839 1733 mirum
874 1697 914 1733 in
950 1694 1106 1733 modum
1144 1694 1326 1732 falluntur
1362 1695 1433 1732 viri
1469 1693 1584 1741 docti,

165 1760 269 1813 quod
296 1761 442 1800 incolae
465 1760 598 1799 Piceni
617 1760 842 1809 „Picentes“
869 1759 1056 1807 dicuntur,
1084 1772 1172 1797 cum
1191 1758 1405 1807 ,‚Picenus“
1428 1758 1585 1797 adiecti-

167 1841 257 1865 vum
297 1827 358 1865 sit.
427 1827 546 1873 Quod
587 1827 731 1864 formae
773 1831 887 1876 atque
935 1825 1220 1876 significationis
1262 1823 1466 1863 discrimen
1508 1838 1584 1862 non

166 1890 288 1928 solum
316 1890 450 1929 lexicis
479 1890 678 1937 evincitur,
715 1889 784 1928 sed
812 1889 926 1929 etiam
956 1889 1054 1927 clare
1089 1888 1212 1926 elucet
1239 1901 1287 1926 ex
1315 1887 1398 1926 aliis
1428 1887 1583 1926 Silianis

166 1956 271 2004 locis,
299 1957 365 2007 qui
393 1961 499 1995 sunt:
528 1955 583 2003 V,
613 1957 691 1994 208
719 1955 942 2003 „Picentum
964 1954 1137 2005 agmina“
1154 1952 1208 2001 X,
1239 1954 1332 1992 132:
1360 1952 1585 2001 „Picentum

167 2021 290 2059 acies“
317 2021 393 2068 IX,
423 2022 500 2060 273
528 2020 721 2069 „Picentis
749 2020 772 2057 i.
801 2033 832 2057 e.
851 2018 974 2066 VIII,
1002 2020 1100 2056 425:
1130 2018 1196 2055 ubi
1224 2017 1454 2056 adiectivum
1482 2017 1585 2068 posi-

168 2091 249 2124 tum
278 2090 337 2124 est
364 2086 549 2134 „Picenae
578 2084 758 2124 telluris.“
811 2084 899 2122 Hac
925 2083 1024 2123 falsa
1051 2082 1228 2122 vocabuli
1262 2082 1492 2131 „Picenum“
1520 2095 1585 2120 ex-

168 2151 371 2202 plicatione
399 2151 541 2189 factum
571 2155 640 2197 est,
668 2155 711 2188 ut
738 2149 856 2188 verba
882 2148 1015 2197 „dives
1043 2147 1229 2200 praedae“
1256 2147 1305 2185 ad
1328 2147 1585 2185 Hannibalem

167 2215 409 2254 referrentur.
465 2215 543 2254 Sed
571 2215 639 2254 tali
666 2215 812 2253 ratione
849 2213 914 2252 illa
940 2213 1069 2261 verba,
1108 2212 1257 2251 etiamsi
1293 2226 1380 2251 cum
1407 2212 1584 2250 Livineio

168 2295 238 2332 pro
266 2280 496 2328 ,‚Picenum“
525 2280 769 2327 ,‚Picentum“
797 2279 1036 2326 scriberetur,
1064 2278 1218 2316 minime
1239 2277 1432 2328 explanari
1460 2290 1585 2328 posse,

167 2345 516 2385 demonstraturum
544 2358 605 2384 me
633 2358 717 2383 esse
757 2356 880 2396 spero.
935 2342 984 2381 In
1012 2342 1139 2381 verbis
1167 2341 1298 2391 „dives
1340 2340 1505 2394 praedae
1533 2364 1584 2369 ——

168 2413 201 2451 si
232 2411 280 2451 de
309 2410 527 2449 Hannibale
557 2410 661 2449 dicta
689 2424 773 2449 esse
809 2414 922 2461 putas
952 2433 1002 2437 —-
1031 2409 1195 2460 primum
1223 2408 1367 2459 cogitas
1395 2406 1585 2459 praedam,

167 2490 281 2530 quam
308 2475 507 2516 Hannibal
545 2475 645 2515 forte
684 2476 723 2515 in
763 2475 898 2514 itinere
927 2487 996 2531 per
1017 2473 1219 2515 Umbriam
1257 2472 1359 2515 facto
1398 2475 1585 2529 rapuerat,
