1747 2820
839 121 889 158 14

150 253 227 279 non
256 240 349 278 satis
378 238 579 279 commode
607 239 788 291 explicari
821 243 960 292 potest.
1015 238 1169 287 Quibus
1201 238 1315 279 rebus
1351 239 1448 279 bene
1475 253 1572 292 pon—

151 304 293 343 deratis
332 303 510 357 equidem
555 318 641 343 cum
681 303 847 344 Heinsio
892 303 942 343 ad
981 304 1236 343 coniecturam
1274 303 1571 356 confugiendum

151 384 236 409 esse
265 370 396 409 iudico
425 370 583 422 eiusque
610 370 851 422 propositum
879 370 1079 419 „instant,“
1119 369 1224 421 quod
1251 383 1382 409 omnes
1410 375 1571 422 excepto

150 435 340 487 Rupertio
380 435 533 474 silentio
572 434 749 483 obruunt,
787 435 828 472 in
868 435 1070 474 verborum
1110 434 1247 473 seriem
1286 435 1456 487 recipere
1494 448 1571 473 non

150 489 296 539 dubito.
366 500 466 538 Tum
513 499 743 539 vocabulum
789 499 980 547 ,jnstanffl
1026 499 1168 551 optime
1217 501 1397 538 convenit
1443 500 1572 539 verbis

149 563 469 615 praecedentibus
505 569 545 602 et
571 563 761 602 ablativus
800 564 930 611 „tenui
959 593 967 601 .
997 593 1005 602 .
1035 593 1043 601 .
1070 564 1245 602 tramite“
1285 568 1345 601 est
1382 563 1572 602 ablativus

151 642 301 678 causae,
341 634 385 667 ut
411 629 627 680 germanice
666 627 993 680 interpretandum
1033 629 1099 668 sit:
1146 628 1399 677 „Schluchten
1428 627 1573 668 drohen

150 694 273 732 durch
312 694 422 732 ihren
461 707 584 745 engen
613 693 726 741 Pfad,
766 694 821 732 sie
850 694 936 732 sind
965 694 1149 742 drohend,
1189 693 1402 745 gefahrvoll
1434 707 1573 744 ,wegen

151 757 220 798 des
250 772 373 811 engen
400 758 580 810 Weges.“

571 879 684 927 Lib.
722 880 776 938 V,
811 892 859 928 v.
894 879 985 928 192
1010 841 1155 939 sem.

281 985 520 1037 Simulatque
558 985 722 1024 Romani
761 986 845 1023 lacu
873 985 1143 1033 Trasimenno,
1185 985 1372 1037 oppositis
1414 986 1573 1025 collibus

150 1051 347 1103 copiisque
389 1049 770 1102 Karthaginiensium
819 1051 1059 1089 circumclusi
1099 1056 1188 1089 sunt
1200 1081 1211 1099 ,
1258 1050 1453 1090 Hannibal
1494 1052 1573 1090 suis

149 1115 334 1153 militibus
363 1116 514 1165 signum
542 1114 751 1153 invadendi
780 1114 898 1163 dedit,
926 1128 1002 1166 quo
1031 1114 1180 1153 audito:

368 1179 757 1218 ..latebrosis
787 1179 947 1218 collibus
976 1179 1099 1218 Astur

306 1245 360 1283 Et
387 1209 509 1297 Libys
538 1250 578 1283 et
604 1250 706 1283 torta
733 1245 895 1284 Baliaris
925 1258 1064 1284 saevus
1092 1245 1241 1284 habena

305 1310 525 1362 Erumpunt
552 1310 769 1361 multusque
798 1310 943 1358 Maces,
973 1309 1233 1362 Garamasque
1261 1310 1480 1363 Nomasque
1488 1316 1521 1359 ;“

278 1375 326 1414 In
355 1389 451 1415 voce
480 1375 647 1427 „Libys“
675 1390 711 1414 v.
742 1378 818 1415 193
848 1376 1054 1424 neminem,
1094 1375 1198 1426 quod
1235 1375 1410 1426 equidem
1446 1378 1575 1434 sciam,

150 1441 332 1490 haesisse,
360 1455 589 1493 magnopere
618 1442 743 1480 miror.
799 1440 899 1479 Cum
927 1441 1029 1479 enim
1056 1445 1171 1493 poeta
1197 1442 1237 1479 in
1265 1442 1323 1490 iis,
1356 1455 1452 1493 quos
1480 1456 1575 1494 pug-

148 1521 236 1545 nam
255 1507 538 1545 committentes
566 1506 672 1554 facit,
700 1507 864 1557 primum
883 1506 1037 1544 definite
1073 1505 1162 1544 inas
1190 1506 1402 1558 Hispaniae
1429 1512 1575 1557 gentes,

148 1573 313 1610 Astures
342 1576 382 1610 et
408 1571 591 1619 Baliares,
619 1575 701 1609 tum
732 1570 879 1620 Macas,
908 1570 1160 1609 Garamantes
1188 1570 1470 1622 Nomadesque,
1497 1576 1575 1610 tres

148 1636 303 1675 Africae
332 1637 518 1684 nationes,
546 1641 826 1685 commemoret,
861 1635 1089 1675 vocabulum
1124 1635 1300 1687 „Libys“,
1333 1635 1437 1687 quod
1473 1636 1575 1688 apud

148 1701 285 1740 Silium
319 1703 359 1739 in
388 1702 609 1740 universum
642 1705 791 1739 tantum
824 1706 1030 1753 usurpatur
1057 1700 1107 1739 ad
1141 1701 1409 1753 significandos
1444 1715 1574 1740 omnes

147 1767 521 1819 Karthaginienses¹
553 1772 592 1806 et
619 1767 841 1819 plerumque
870 1767 1076 1819 opponitur
1094 1766 1253 1806 Hiberis
1281 1772 1348 1806 aut
1367 1767 1490 1806 Gallis
1510 1772 1576 1806 aut

146 1832 332 1871 Romanis
367 1832 448 1882 (cfr.
478 1831 544 1870 Sil.
572 1832 611 1880 I,
641 1833 803 1885 656s57.
845 1831 922 1880 IV,
953 1833 1115 1884 5697s'0,
1142 1831 1268 1879 XVI,
1299 1833 1389 1882 106)
1423 1831 1471 1870 de
1499 1845 1575 1883 quo

146 1898 307 1948 agimus,
335 1897 421 1935 loco
449 1910 583 1948 parum
611 1895 797 1947 quadrare
826 1896 919 1934 mihi
938 1896 1102 1935 videtur.
1149 1896 1242 1935 Mea
1269 1897 1460 1935 sententia
1487 1910 1576 1934 con-

146 1962 340 2000 cinnitatis
360 1975 476 1999 causa
494 1975 563 2013 pro
591 1961 759 2012 ,‚Libys“
785 1974 925 1999 nomen
945 1961 1158 2013 Hispaniae
1182 1962 1307 2012 gentis
1327 1961 1575 2000 desideratur.

146 2026 276 2075 Quam
302 2027 352 2066 ob
380 2041 461 2066 rem
499 2026 667 2079 „Libys“
703 2031 922 2079 corruptum
965 2025 1049 2066 es'se
1091 2032 1197 2079 puto,
1237 2027 1461 2079 praesertim
1489 2041 1577 2065 cum

146 2093 356 2131 scribarum
379 2094 595 2143 ignorantia
614 2098 728 2143 atque
749 2092 973 2143 stupiditate
992 2092 1211 2143 frequenter
1230 2092 1383 2130 nomina
1411 2092 1577 2144 propria,

145 2158 353 2210 praecipue
382 2158 508 2195 minus
536 2162 635 2195 nota·
656 2171 742 2195 cum
772 2157 1034 2213 usitatioribus
1063 2162 1297 2196 commutata
1325 2157 1411 2196 sint.
1458 2156 1575 2196 Forte

146 2223 263 2263 Silius
300 2237 369 2275 pro
405 2228 469 2272 „et
496 2223 641 2274 Libys«
669 2223 823 2275 scripsit
859 2223 1147 2272 ‚,Saetabus“
1183 2223 1274 2274 (vel
1302 2222 1575 2273 „Setabus“)

150 2313 199 2317 —
229 2288 334 2341 quod
362 2302 439 2328 non
459 2288 573 2328 nimis
602 2288 712 2328 abest
739 2302 762 2328 a
789 2288 931 2328 tradita
956 2288 1122 2329 lectione
1152 2313 1202 2318 ——
1232 2292 1276 2328 ut
1304 2289 1578 2341 significaretur

278 2410 286 2426 ¹
310 2409 399 2441 Vide
422 2408 565 2441 indicem
599 2410 784 2449 nominum,
817 2420 916 2452 quem
954 2410 1106 2442 Baucrus
1137 2413 1228 2442 tomo
1264 2410 1299 2441 II
1332 2409 1487 2441 editionis
1519 2407 1575 2441 ad-

145 2464 222 2498 iecit
245 2464 309 2496 sub
334 2475 414 2496 voce
439 2463 594 2506 „Libys.“
