1747 2820
793 363 973 437 Vita.
1019 321 1022 324 ἱ

307 566 430 605 Natus
468 580 551 604 sum
586 565 813 605 Franciscus
848 565 954 604 Hilff
983 566 1210 604 Monasterii
1237 566 1525 605 Guestfalorum
1553 580 1585 604 a.

179 631 215 670 d.
242 631 319 672 IV.
352 631 442 670 Kal.
469 630 624 683 Apriles
659 631 747 670 anni
783 631 894 670 huius
931 631 1072 670 saeculi
1106 630 1283 680 LXVII,
1323 636 1431 683 patre
1466 630 1586 670 Fran-

178 697 290 745 cisco,
317 701 436 735 matre
463 695 686 735 Elisabetha
714 709 734 735 e
761 700 874 747 gente
893 695 1052 744 Ksszfim,
1080 709 1174 747 quos
1203 696 1302 735 bona
1328 695 1453 735 adhuc
1480 696 1584 735 vale-

178 761 309 800 tudine
338 761 394 799 uti
426 773 654 812 magnopere
686 761 816 799 laetor.
870 760 981 799 Fidei
1014 760 1227 812 adscriptus
1255 774 1339 799 sum
1368 761 1585 799 catholicae.

177 826 400 864 Primordiis
440 827 651 863 litterarum
691 826 857 864 imbutus
904 839 973 877 per
1012 840 1150 864 novem
1191 840 1309 864 annos
1348 827 1585 876 gymnasium

177 891 484 940 Monasteriense
509 890 762 942 frequentavi,
789 890 892 942 quod
919 904 1009 928 vere
1037 904 1069 928 a.
1088 890 1124 928 h.
1144 904 1173 928 s.
1197 890 1451 930 LXXXVII
1478 891 1586 928 testi-

177 957 304 994 monio
332 955 435 1007 quod
453 960 594 994 vocant
620 956 847 993 maturitatis
874 956 1080 993 instructus
1108 955 1252 1007 reliqui.
1288 955 1473 993 Eiusdem
1497 955 1585 993 anni

177 1033 305 1058 mense
334 1019 460 1072 Aprili
495 1020 534 1057 in
570 1034 767 1058 numerum
794 1020 937 1059 civium
971 1020 1092 1058 almae
1126 1019 1336 1058 litterarum
1371 1019 1585 1058 academiae

177 1085 490 1124 Monasteriensis
517 1090 694 1137 receptus
721 1099 791 1137 per
817 1077 936 1123 octies
966 1098 1077 1123 senos
1105 1098 1255 1123 menses
1282 1085 1354 1133 hic,
1381 1094 1451 1137 per
1469 1085 1585 1123 semel

177 1163 288 1188 senos
316 1163 466 1188 menses
494 1150 663 1188 Berolini
691 1150 827 1188 studiis
854 1150 1092 1202 philologieis
1121 1163 1274 1201 operam
1306 1150 1456 1189 navavi.
1510 1150 1585 1188 Per

176 1215 235 1254 bis
254 1228 367 1254 senos
386 1228 535 1253 menses
554 1215 742 1254 seminarii
761 1216 855 1266 regii
873 1215 1091 1267 philologici
1111 1215 1426 1253 Monasteriensis
1443 1214 1584 1253 sodalis

177 1279 389 1318 ordinarius
421 1279 489 1317 fui.
544 1279 771 1318 Monasterii
812 1280 959 1318 scholas
1000 1280 1241 1333 frequentavi
1282 1281 1337 1320 V.
1362 1281 1415 1319 V.
1457 1280 1507 1317 D.
1534 1280 1584 1317 D.

175 1345 377 1397 Langen,
406 1344 550 1393 Stahl,
579 1344 760 1392 Storck,
787 1345 1069 1396 Hagemann,
1098 1345 1345 1393 Nordhoff,
1380 1345 1585 1397 Kappes,

176 1408 355 1457 Jostes;
405 1409 575 1448 Berolini
620 1423 680 1448 me
723 1409 933 1448 docuerunt
972 1409 1026 1451 V.
1055 1410 1108 1451 V.
1150 1410 1201 1449 D.
1229 1410 1279 1449 D.
1315 1410 1585 1457 Kirchhoff,

177 1474 376 1523 Vahlen,
403 1474 449 1512 E.
478 1473 698 1523 Schmidt,
726 1474 926 1513 Curtius.
1372 1514 1382 1525 ,

306 1538 495 1577 Omnibus
525 1539 628 1587 viris,
663 1539 728 1590 qui
759 1538 886 1578 studia
914 1553 999 1578 mea
1026 1539 1212 1579 moderati
1245 1545 1344 1588 sunt,
1382 1540 1585 1591 praecipue

180 1618 269 1642 vero
294 1604 488 1654 Langeno,
518 1603 676 1652 Stahlio,
704 1603 945 1652 Nordhoffio,
975 1604 1119 1656 optime
1144 1605 1192 1643 de
1217 1619 1277 1643 me
1304 1605 1460 1652 meritis,
1489 1619 1585 1656 quae

178 1668 311 1717 debeo,
339 1682 488 1721 semper
516 1669 675 1708 servabo
702 1674 811 1721 grata
836 1670 1026 1708 memoria.
