1747 2820
803 140 826 178 9

108 258 400 307 mentationem)‚
418 258 602 297 Romanis
620 258 660 297 in
674 272 773 297 vers.
790 260 839 298 95
858 258 981 297 lacum
994 257 1285 296 Trasimennum
1303 255 1352 295 ad
1369 256 1517 295 laevam

108 321 222 360 situm
249 321 378 361 fuisse.
433 322 551 370 Quod
578 323 610 362 si
638 322 952 362 Drakenborchio
980 322 1242 370 concedemus,
1275 334 1431 360 necesse
1459 325 1518 359 est

107 386 343 437 colligamus,
378 388 571 426 Romanos
607 402 630 426 a
664 387 822 426 meridie
858 392 991 426 contra
1017 387 1273 425 Hannibalem
1308 400 1331 424 a
1366 391 1518 437 septen-

106 450 292 506 trionibus
324 465 566 504 progressum
599 451 794 504 profectos
822 465 917 490 esse.
973 451 1092 490 Cuius
1122 451 1310 502 opinionis
1338 463 1425 488 acer
1452 449 1518 487 de-

106 515 237 554 fensor
278 518 425 555 exstitit
465 516 805 564 Schlichteisenus‚
841 517 905 568 qui
946 518 986 555 in
1028 516 1384 555 commentationisl
1427 529 1517 554 suae

106 593 190 631 pag.
221 582 296 619 112
325 581 419 620 11300
452 581 560 619 dicit:
594 580 661 629 „Si
693 582 732 619 in
761 595 875 620 versu
906 583 954 620 95
984 582 1099 619 etiam
1126 581 1309 619 Romanis
1343 593 1441 631 aqua
1468 579 1517 617 ad

106 645 253 684 laevam
281 646 399 685 fuisse
428 646 576 695 dicitur,
604 660 669 685 eos
697 661 720 685 a
747 646 904 686 meridie
924 652 963 686 et
991 645 1164 685 orientali
1191 645 1301 684 litore
1329 646 1368 684 in
1397 644 1517 697 plani-

106 710 197 747 tiem
225 711 416 749 montibus
445 711 729 749 circumclusam
756 711 911 762 illapsos
939 725 1024 749 esse
1052 711 1262 762 putandum
1291 711 1395 747 erit.“
1440 709 1517 747 Sed

104 773 192 813 huic
220 775 430 815 sententiae
458 774 703 815 vehementer
730 775 884 815 obstant
910 775 1092 828 Polybius
1106 779 1119 800 2
1146 774 1422 828 praecipueque
1450 773 1517 812 Li-

105 840 201 886 vius,
218 843 231 864 3
269 842 333 890 qui
372 854 495 878 rerum
534 842 737 891 scriptores
774 842 1052 879 consentientes
1088 840 1254 887 tradunt,
1287 840 1516 878 Flaminium

105 903 300 943 consulem
318 903 586 953 Hannibalem,
614 918 700 943 cum
727 904 788 943 hic
807 904 980 944 Romano
1009 904 1176 943 exercitu
1203 904 1302 942 circa
1320 903 1516 941 Arretium

103 969 253 1016 relicto,
292 975 446 1008 vastans
482 970 674 1008 Etruriam
713 975 945 1021 peragraret,
984 970 1228 1008 subsecutum
1267 982 1361 1007 esse.
1417 968 1516 1007 Cum

103 1033 219 1085 igitur
244 1033 408 1073 Romani
435 1034 576 1074 Poenis
603 1048 680 1073 non
708 1034 858 1074 obviam
886 1036 995 1080 irent,
1033 1034 1102 1073 sed
1128 1033 1214 1072 illos
1242 1033 1516 1085 subsequeren-

103 1104 175 1146 tur,
203 1113 268 1137 eos
296 1101 437 1150 pariter
464 1114 508 1138 ac
535 1100 875 1151 Karthaginienses
904 1115 927 1138 a
954 1100 1275 1151 septentrionibus
1309 1098 1358 1137 ad
1391 1098 1516 1137 lacum

102 1162 295 1214 profectos
324 1177 408 1202 esse
436 1163 679 1203 manifestum
708 1169 777 1203 est.
814 1163 930 1204 Unde
950 1178 1025 1216 qua
1052 1165 1116 1202 via
1133 1163 1297 1201 Romani
1325 1162 1515 1214 progressi

103 1228 196 1275 sint,
235 1233 277 1266 ut
312 1230 351 1266 in
387 1229 644 1268 Hannibalem
682 1229 908 1277 inciderent,
944 1243 1019 1280 quo
1058 1229 1192 1267 melius
1231 1228 1515 1279 perspiciamus,

102 1292 365 1343 cognoscenda
397 1293 507 1332 nobis
550 1299 609 1332 est
644 1298 778 1332 natura
813 1294 886 1332 loci
921 1294 1025 1332 lacus
1060 1293 1315 1339 Trasimenni,
1361 1293 1400 1329 in
1441 1305 1516 1342 qua

103 1357 352 1396 describenda
378 1359 614 1397 Nissenum4
643 1361 749 1410 sequi
777 1359 869 1397 mihi
901 1360 1024 1398 liceat.
1078 1359 1205 1397 Lacus
1232 1358 1515 1404 Trasimennus,

103 1421 268 1473 undique
298 1423 488 1461 montibus
508 1424 778 1462 circumclusus
797 1423 845 1461 ad
875 1424 1152 1475 septentriones
1172 1428 1211 1460 et
1229 1435 1403 1460 occasum
1423 1422 1514 1459 solis

102 1492 249 1526 tantum
278 1502 410 1527 versus
440 1489 504 1538 (im
531 1488 844 1539 Nord-Westen),
877 1489 943 1528 ubi
976 1502 1078 1527 nunc
1105 1487 1317 1539 Borghetto
1345 1487 1418 1526 sita
1446 1492 1515 1534 est,

101 1552 225 1591 locum
254 1558 426 1605 apertum
453 1554 619 1606 praebet.
655 1553 753 1593 Inde
781 1555 905 1593 tenuis
933 1560 1072 1592 trames
1101 1553 1150 1595 ad
1178 1553 1362 1591 orientem
1380 1566 1514 1591 versus

102 1616 209 1655 ducit
244 1618 343 1656 inter
375 1624 552 1666 montem,
586 1619 650 1670 qui
686 1633 785 1657 nunc
814 1619 1034 1658 Gualandro
1063 1623 1231 1666 vocatur,
1259 1623 1298 1656 et
1324 1618 1447 1655 lacum
1475 1617 1514 1655 in

101 1695 277 1733 campum
309 1696 469 1733 parvum
503 1679 644 1732 (αὐλών
677 1683 779 1734 apud
806 1684 1021 1734 Polybium)
1049 1683 1114 1734 qui
1147 1696 1299 1721 recessu
1327 1682 1513 1719 montium

100 1746 190 1785 litus
219 1747 449 1799 cingentium
476 1748 528 1796 fit,
556 1747 713 1800 ipseque
741 1748 900 1787 collibus
928 1747 1181 1787 circumdatus
1210 1752 1278 1786 est.

230 1812 319 1858 Qua
346 1826 392 1850 ex
417 1813 491 1850 loci
515 1813 611 1851 facie
640 1814 740 1851 clare
767 1814 913 1851 elucere
937 1813 1029 1851 mihi
1058 1813 1220 1860 videtur,
1247 1812 1441 1859 Romanis,
1470 1818 1513 1850 ut

100 1877 139 1913 in
167 1889 338 1928 campum
372 1890 544 1929 parvum,
572 1877 637 1916 ubi
664 1877 859 1916 Hannibal
887 1882 1010 1916 castra
1037 1882 1216 1929 posuerat
1244 1877 1341 1926 (Liv.
1369 1876 1512 1924 XXII,

99 1941 176 1990 IV,
212 1945 259 1992 3),
305 1943 558 1993 pervenirent,
605 1948 803 1994 angustam
844 1943 956 1991 viam,
1002 1957 1098 1994 quae
1143 1943 1242 1980 inter
1282 1947 1430 1980 montes
1474 1947 1513 1980 et

99 2002 222 2045 lacum
264 2012 341 2055 est,
383 2001 669 2059 ingrediendam
709 2007 850 2056 fuisse,
891 2008 931 2046 id
972 2007 1075 2059 quod
1116 2007 1328 2059 Polybius⁵
1370 2012 1409 2045 et
1445 2007 1512 2044 Li-

231 2149 240 2166 ¹
262 2149 295 2181 J.
315 2149 563 2181 Schlichteisen.
609 2149 661 2181 De
683 2149 748 2181 fide
770 2149 927 2181 historica
951 2149 1021 2181 Silii
1046 2149 1153 2180 Italici
1178 2148 1386 2190 quaestiones
1409 2148 1511 2180 histo-

98 2203 183 2235 ricae
207 2207 239 2235 et
263 2204 490 2245 philologicae,
514 2204 704 2245 Regimonti
727 2204 923 2235 Prussorum
951 2205 1040 2236 1881.

228 2257 240 2273 '-'
263 2257 432 2297 Polybius,
455 2257 611 2289 historiae
635 2257 702 2296 ΙΙΙ,
725 2268 752 2289 c.
776 2258 884 2298 82s83.

228 2311 239 2328 ³³
262 2311 386 2351 Livius,
409 2311 517 2343 XXII
541 2322 567 2344 0.
592 2313 621 2344 3.
666 2313 683 2353 ξ
707 2313 726 2344 6
749 2323 818 2354 sqq.

225 2365 238 2382 ⁴
261 2365 401 2404 Nissen,
436 2366 526 2404 „Die
561 2366 719 2398 Schlacht
753 2377 807 2397 am
842 2366 1112 2398 trasimenischcn
1147 2365 1240 2398 See“.
1297 2366 1513 2398 Rheinischcs

96 2417 250 2450 Museum
275 2422 353 2451 tom.
377 2419 498 2459 XXII,
521 2430 552 2462 p.
577 2420 637 2452 565
661 2430 731 2463 sqq.

227 2473 239 2491 ⁵
260 2473 281 2506 1.
305 2474 326 2507 l.
