1747 2820
854 84 903 127 17

172 207 334 248 minime
348 206 536 259 intelligo.
577 207 714 258 Neque
741 209 862 259 magis
889 206 1106 246 verisimilis
1134 207 1227 245 mihi
1254 204 1409 248 videtur
1431 203 1586 246 Heinsii

173 273 392 312 coniectura
428 271 582 321 „datum
618 276 766 324 atque,“
803 286 916 324 quam
942 271 1279 311 Drakenborchius
1316 277 1356 311 et
1382 271 1585 311 Ernestius

174 337 377 378 verborum
404 338 566 376 conexui
594 338 843 376 inseruerunt.
897 336 1078 376 Barthius
1110 336 1196 375 loco
1223 335 1368 376 mederi
1396 335 1586 384 studebat,

168 401 358 454 „particula
384 405 479 450 ‚,ve“
506 407 572 440 aut
598 406 691 451 „ne“
718 401 845 441 deleta
872 402 1059 441 scribens:
1105 401 1210 450 „Nec
1237 401 1388 453 Bagaso
1417 401 1586 440 exultare

174 466 296 514 datur,
323 466 476 517 impune
503 467 676 505 relictum
696 466 874 506 Consulis
895 496 1018 505 .....
1020 470 1043 489 “
1079 466 1285 514 „Exultare
1314 467 1413 504 enim
1434 466 1588 505 volebat

174 531 346 582 Bagasus
367 554 417 559 ——
437 530 530 569 haec
559 536 648 569 sunt
664 531 813 570 Barthii
831 531 949 571 verba
968 555 1018 560 —
1037 532 1191 583 impune
1220 530 1293 569 sibi
1321 544 1404 569 eam
1432 530 1586 569 caedem

174 596 344 634 relictam
372 600 490 634 esse.“
543 596 633 643 Qua
664 596 877 648 corrigendi
905 597 970 636 via
1004 597 1189 647 integram
1228 596 1454 634 sententiam
1487 595 1587 634 effici

174 661 304 710 negari
331 661 472 710 nequit,
512 660 580 699 sed
607 666 762 712 poetam
800 675 875 699 non
909 662 963 699 ita
991 661 1188 712 scripsisse
1227 661 1312 698 luce
1352 661 1488 698 clarius
1518 665 1586 698 est.

174 724 325 765 Versus
355 725 454 762 enim
480 724 625 763 laborat
653 725 747 764 vitio
775 726 944 774 metrico,
976 739 1062 764 cum
1091 724 1236 777 syllaba
1262 729 1369 773 ,‚tur“
1395 725 1434 763 in
1453 730 1587 776 quarto

174 803 309 828 versus
335 789 432 841 pede
453 790 572 828 eiecta
589 790 773 841 particula.
798 795 892 838 „ve“
909 795 976 830 aut
995 795 1090 837 „ne“
1117 790 1211 828 arsis
1231 790 1328 828 effici
1348 803 1423 828 non
1453 790 1587 841 possit.

175 853 349 903 Accedit,
378 853 491 905 quod,
520 854 552 893 si
580 868 602 892 a
629 859 744 906 poeta
770 853 929 903 „datur“
956 855 1095 893 omissa
1119 854 1255 893 vocula
1281 859 1376 903 „ve“
1402 859 1469 893 aut
1495 858 1588 903 „ne“

176 919 358 970 scriptum
387 933 472 958 esse
491 920 726 967 arbitramur,
754 919 947 970 quomodo
967 919 1255 958 molestissimae
1274 920 1361 958 illae
1380 919 1587 970 particulae

175 983 215 1021 in
250 983 368 1022 libros
404 984 568 1034 irrepere
604 984 816 1035 potuerint,
852 983 1006 1021 minime
1043 983 1202 1034 cogitari
1236 988 1375 1034 potest.
1415 1007 1464 1011 —
1502 983 1588 1035 Ego

144 1047 324 1087 ·Bar1:hii
367 1047 594 1087 emendandi
635 1048 699 1087 via
740 1047 927 1087 adductus
968 1052 1103 1100 poetae
1146 1048 1263 1087 verba
1306 1048 1457 1087 restitui
1493 1053 1587 1100 puto

176 1113 375 1152 scribendo
414 1113 596 1161 „datum
629 1118 743 1162 est“,
782 1119 825 1151 ut
863 1114 1004 1161 omnia,
1043 1127 1139 1164 quae
1176 1119 1385 1164 sequuntur
1423 1114 1587 1165 (impune

176 1179 347 1218 relictum
377 1209 385 1218 .
406 1209 413 1218 .
435 1210 442 1218 .
463 1209 471 1218 .
520 1178 720 1231 Libonem)
749 1192 796 1218 ex
824 1178 941 1219 verbo
968 1178 1183 1228 „exultare“
1198 1182 1210 1204 1
1238 1178 1440 1231 pendeant.
1496 1178 1589 1218 Mea

177 1246 276 1282 enim
316 1245 493 1295 opinione
537 1244 690 1291 „datum
730 1249 811 1283 est“
854 1245 894 1282 in
938 1246 1093 1295 antiquo
1132 1244 1262 1282 codice
1301 1246 1354 1282 ita
1393 1250 1588 1282 exaratum

177 1312 279 1347 erat:
331 1307 496 1347 datume.
563 1307 604 1346 Si
643 1307 817 1347 socordia
859 1308 1002 1347 librarii
1048 1308 1148 1347 linea
1192 1321 1307 1360 super
1343 1312 1410 1357 ,‚e“
1448 1308 1589 1360 scripta

178 1374 320 1412 omissa
358 1378 460 1421 erat,
499 1387 660 1424 sequens
698 1374 873 1412 librarius
901 1374 1018 1412 totius
1046 1387 1180 1413 versus
1209 1386 1362 1412 sensum
1390 1387 1466 1412 non
1496 1374 1588 1412 satis

178 1437 379 1488 diligenter
410 1438 617 1488 respiciens
648 1437 761 1476 facile
796 1438 921 1489 pellici
953 1442 1114 1489 poterat,
1142 1442 1185 1475 ut
1213 1437 1418 1485 „daturve“
1445 1438 1590 1488 legeret

178 1506 217 1539 et
244 1502 283 1539 in
304 1502 509 1553 exemplari
535 1515 603 1540 suo
623 1502 815 1551 scriberet,
843 1501 943 1540 unde
971 1502 1043 1540 hoc
1062 1502 1198 1541 vitium
1217 1502 1256 1540 in
1282 1515 1412 1540 omnes
1436 1501 1588 1540 codices

177 1567 338 1605 transiit.
399 1566 560 1605 Sensum
595 1567 686 1614 loci,
724 1567 789 1618 qui
821 1567 1038 1605 coniectura
1076 1580 1159 1605 mea
1192 1567 1244 1615 fit,
1283 1568 1357 1605 iam
1398 1580 1514 1618 supra
1550 1567 1589 1604 in

178 1632 327 1672 Barthii
355 1631 581 1671 emendandi
610 1637 747 1671 conatu
775 1631 969 1672 afferendo
997 1632 1195 1685 explicavi.

667 1785 778 1833 Lib.
813 1785 869 1843 V,
904 1797 952 1832 v.
987 1783 1101 1832 548.

371 1920 392 1940 „
395 1920 701 1930 .........
730 1905 841 1942 quem
868 1890 1013 1942 poplite
1041 1903 1151 1929 caeso

371 1957 478 1995 Dum
506 1956 654 2008 spoliat,
682 1956 809 2008 gravis
837 1956 973 1994 immiti
1001 1969 1088 1994 cum
1115 1955 1266 1995 turbine
1294 1960 1421 1994 costas

371 2022 559 2060 Fraxinus
587 2022 724 2072 irrupit
733 2037 743 2069 ;
772 2051 780 2060 .
809 2051 817 2059 .
847 2051 855 2059 .
885 2025 917 2059 .“

307 2086 384 2126 Pro
423 2086 606 2139 „spoliat“
645 2086 684 2124 in
711 2086 817 2125 libris
856 2085 1017 2125 traditos
1056 2099 1187 2125 omnes
1224 2091 1375 2138 praeter
1402 2085 1593 2125 Bauerum

181 2150 346 2190 editores
374 2165 468 2191 voce
496 2152 612 2200 ‚‚tibi“
639 2165 675 2190 v.
706 2153 783 2190 544
811 2156 851 2190 et
878 2151 1045 2190 secunda
1071 2165 1234 2203 persona
1261 2156 1431 2199 ,‚tentas“
1459 2165 1495 2190 v.
1516 2152 1592 2189 546

312 2261 322 2277 ¹
345 2260 397 2292 De
415 2260 659 2292 constructione
683 2260 872 2300 „exultare“
896 2260 988 2292 verbi
1005 2270 1081 2292 cum
1099 2260 1262 2292 infinitivo
1280 2260 1355 2291 cfr.:
1379 2260 1412 2292 J.
1432 2259 1594 2299 Schmidt,

181 2312 233 2345 De
262 2323 325 2345 usu
353 2314 508 2346 infinitivi
537 2314 626 2356 apud
650 2315 834 2354 Lucanum,
868 2314 1041 2346 Valerium
1065 2314 1240 2354 Flaccum,
1275 2314 1394 2347 Silium
1427 2314 1593 2346 Italicum.

181 2367 269 2398 Diss.
294 2367 388 2399 Halii
418 2368 590 2400 Saxonum
615 2360 694 2401 1881
721 2371 764 2410 (p.
791 2369 851 2400 112
868 2370 981 2410 seqq).
1031 2369 1064 2401 J.
1089 2368 1264 2408 Schinkel‚
1296 2368 1515 2407 Quaestiones
1545 2368 1594 2400 Si-

181 2421 299 2463 lianae,
322 2421 410 2455 Diss.
435 2422 512 2465 Lps.
538 2423 620 2457 1884
644 2424 687 2466 (p.
711 2424 753 2457 56
770 2423 872 2467 seqq.)

1339 2488 1358 2522 2
