1747 2820
842 139 891 178 36

156 254 398 305 Lefeburius,
425 269 494 295 cur
519 256 593 295 hoc
620 256 850 296 vocabulum
873 255 1076 295 offensioni
1104 257 1165 305 sit,
1192 261 1320 296 tacent
1338 279 1388 285 —
1408 255 1573 309 plerum-

156 334 231 372 que
273 320 321 360 de
363 326 493 361 vetere
534 321 705 361 struendi
752 321 910 361 materia
948 327 1154 374 usurpatur
1193 327 1233 361 et
1267 327 1349 361 tum
1388 321 1574 373 significat

157 384 271 434 idem,
312 385 416 437 quod
449 399 522 434 „ex
550 391 704 425 vetusto
731 391 960 425 renovatus“
999 387 1213 437 germanice
1253 386 1417 435 „wieder
1443 386 1573 438 ausge-

156 449 304 497 frischt,
332 450 450 489 schon
479 450 616 490 einmal
645 450 886 491 verwendet“
912 450 991 501 (cfr.
1009 450 1089 491 Cic.
1102 450 1218 492 Verr.
1236 451 1292 500 II,
1322 453 1356 500 1,
1386 453 1460 490 147
1485 452 1572 499 148,

156 516 275 568 „lapis
308 515 530 555 redivivus“
556 515 714 557 Vitruv.
742 515 847 565 VH,
878 518 918 564 1,
948 519 971 555 3
1006 516 1146 565 „rudus
1174 516 1403 564 redivivus“,
1444 515 1572 555 Catull

156 580 300 630 XVII,
338 583 364 620 4
403 581 576 630 „assulae
613 581 845 633 redivivae“)
879 595 965 621 cum
1003 595 1048 621 eo
1086 595 1218 631 sensu,
1259 583 1323 634 qui
1364 581 1427 621 hic
1468 581 1571 621 solus

156 650 269 697 aptus
298 651 368 694 est,
403 648 633 698 germanice:
667 647 832 695 „wieder
859 646 1082 686 aufiebend“
1108 647 1298 686 rarissime
1326 646 1441 698 idque
1468 646 1571 699 apud

157 710 361 763 scriptores
391 711 462 751 sub
489 712 628 751 latinae
656 712 807 763 linguae
833 712 976 751 exitum
995 711 1148 751 demum
1165 712 1441 765 praecipueque
1469 711 1571 764 apud

157 776 363 828 scriptores
383 776 660 816 ecclesiasticos
673 777 822 828 legatur
840 777 918 827 (cfr.
931 777 1047 816 Prud.
1060 777 1156 816 cath.
1168 771 1246 825 111,
1259 779 1354 816 204:
1373 776 1572 825 „Christus

156 840 400 894 redivivus.“)

286 907 376 954 Qua
404 908 452 947 de
480 922 606 956 causa,
646 909 738 960 quin
773 908 1011 957 „recidivus“
1051 909 1099 948 ab
1126 908 1290 947 Heinsio
1317 908 1506 960 prolatum
1535 912 1574 947 et

156 984 179 1009 a
205 971 412 1010 Lefeburio
441 971 600 1011 editioni
628 986 718 1011 suae
737 973 895 1021 illatum,
923 972 1207 1012 rescribendum
1236 972 1296 1021 sit,
1323 986 1400 1010 non
1428 972 1573 1020 dubito,

155 1037 380 1088 praesertim
422 1050 508 1076 cum
548 1037 641 1076 haec
683 1037 760 1076 duo
789 1038 981 1077 simillima
1022 1037 1205 1077 vocabula
1245 1037 1385 1089 ubique
1426 1037 1505 1076 fere
1533 1037 1573 1075 in

156 1101 423 1153 manuscriptis
452 1115 475 1140 a
501 1101 664 1141 librariis
692 1116 769 1141 non
798 1103 891 1141 satis
920 1102 1165 1154 diligentibus
1192 1102 1351 1141 confusa
1379 1103 1456 1140 sint
1494 1102 1572 1152 (cfr.

155 1164 276 1204 Drak.
317 1170 447 1204 notam
488 1166 552 1205 lib.
580 1166 614 1213 1,
650 1180 686 1205 v.
718 1168 793 1206 106
837 1166 1029 1217 additam).
1089 1166 1253 1207 Accedit
1294 1166 1397 1218 quod
1439 1165 1572 1205 eadem

156 1243 233 1269 vox
275 1230 379 1282 apud
420 1230 556 1270 Silium
598 1231 633 1281 (1.
674 1231 716 1280 Ι,
753 1233 859 1282 106),
910 1231 1208 1284 deprehenditur
1247 1245 1363 1283 „gens
1404 1230 1573 1270 recidiva

156 1294 375 1346 Phrygum“
409 1313 458 1330 Ξ
492 1295 561 1334 das
603 1295 972 1335 wiedererstehende
1001 1296 1110 1338 Volk
1143 1295 1212 1335 der
1238 1296 1433 1347 Phryger)‚
1475 1309 1571 1347 quae

155 1360 299 1400 locutio
328 1361 410 1400 sine
439 1360 556 1400 dubio
584 1361 746 1400 imitatio
784 1366 843 1400 est
869 1361 1101 1413 Vergiliani:
1142 1360 1333 1410 „recidiva
1365 1361 1573 1413 Pergama“

158 1442 208 1459 14:
237 1425 306 1463 das
334 1425 711 1474 wiederauflebende,
747 1440 821 1464 neu
851 1426 1005 1464 erbaute
1033 1427 1283 1477 Pergamum),
1320 1417 1422 1476 quod
1450 1426 1570 1463 tribus

156 1489 251 1529 locis
280 1494 416 1529 exstat.
472 1489 606 1542 (Verg.
634 1490 732 1529 Aen.
760 1490 838 1539 IV,
869 1493 957 1530 344.
990 1490 1089 1539 VH,
1120 1493 1207 1530 322.
1243 1490 1297 1539 Χ,
1327 1492 1402 1541 58).

548 1687 661 1735 Lib.
695 1687 762 1746 X,
798 1699 879 1735 vv.
913 1686 1175 1735 473÷475.

349 1843 822 1862 ..............
865 1815 1019 1865 quinam
1045 1814 1110 1857 ille
1139 1814 1313 1852 sinistrae

348 1878 556 1932 Depugnet
582 1879 696 1918 morti
723 1878 885 1928 iuvenis,
912 1892 1126 1931 nomenque
1154 1878 1346 1930 decusque

348 1944 525 1996 Erogitat
553 1948 628 1973 —“

285 2008 419 2047 Sermo
455 2014 515 2047 est
542 2008 591 2047 de
620 2009 779 2057 Cloelio,
816 2009 936 2047 milite
964 2008 1128 2060 quodam
1156 2009 1346 2056 Romano,
1379 2009 1417 2046 in
1447 2023 1574 2060 pugna

155 2073 349 2115 Cannensi
387 2078 597 2127 perempto,
634 2074 741 2113 cuius
777 2086 1012 2126 „nomenque
1049 2072 1263 2126 decusque“
1295 2072 1490 2113 Hannibal
1526 2086 1573 2112 ex

154 2139 296 2187 Cinna,
336 2140 402 2190 qui
436 2152 457 2177 e
485 2139 619 2178 castris
647 2139 832 2178 Romanis
868 2139 918 2177 ad
951 2139 1103 2178 Poenos
1141 2139 1375 2190 profugerat,
1415 2140 1572 2190 quaerit.

153 2203 276 2243 Paulo
315 2207 406 2255 post
443 2205 607 2242 narratio
648 2203 799 2255 generis
839 2202 995 2252 Cloelii,
1034 2217 1057 2242 a
1096 2203 1243 2242 Cloelia
1282 2203 1428 2254 virgine
1468 2202 1572 2242 ducti

153 2268 342 2319 huiusque
371 2268 500 2306 eximii
526 2268 619 2306 facti
649 2268 829 2319 sequitur.

282 2332 387 2372 Num
415 2331 653 2384 „‘decusque‘
679 2333 845 2385 genuina
862 2332 975 2371 lectio
995 2332 1056 2382 sit,
1074 2345 1303 2385 magnopere
1323 2330 1468 2380 dubito,
1487 2345 1572 2371 cum

154 2412 177 2437 a
195 2398 321 2437 Cinna
340 2397 479 2437 Cloelii
505 2397 647 2448 gloriae
675 2398 780 2436 nullo
809 2398 922 2437 modo
950 2399 1093 2437 mentio
1122 2398 1187 2436 fiat
1213 2411 1348 2449 neque,
1376 2410 1442 2436 cur
1463 2397 1572 2436 Han—

154 2462 258 2504 nibal
284 2462 448 2514 „decus“
483 2462 605 2503 hostis
641 2462 753 2517 plane
782 2463 817 2502 ei
850 2463 1034 2514 incogniti
1069 2462 1276 2514 rogaverit,
1309 2462 1572 2515 perspiciatur.
