1747 2820
824 120 872 159 31

142 238 355 277 restitutam
384 251 479 277 esse.
524 237 660 279 Verba
686 238 756 287 „ab
783 252 920 290 aggere
948 238 1062 278 valli“
1090 238 1190 277 enim
1218 238 1266 278 ab
1295 238 1504 277 editoribus
1532 252 1554 277 a

143 303 387 353 sequentibus
407 303 533 341 verbis
560 303 815 354 „perlustrans
834 307 1012 354 campos“
1029 303 1148 341 oculis
1167 308 1353 341 commate
1373 303 1554 340 dirimun-

141 371 215 415 tur,
248 380 475 418 quamquam
509 367 603 406 haec
630 367 749 407 verba
783 380 939 406 necesse
973 368 1072 406 inter
1099 381 1140 406 se
1169 366 1432 419 coniungenda
1459 381 1554 406 esse.

143 432 233 478 Qua
250 432 298 470 de
318 446 433 470 causa
453 433 605 483 vulgata
623 432 865 471 distinctione
892 437 981 484 post
997 432 1132 480 „valli“
1159 432 1309 471 sublata
1335 437 1424 483 post
1442 445 1554 470 voca-

142 496 272 535 bulum
299 496 528 548 „pensabat“
555 510 703 536 comma
729 495 946 549 ponendum
974 501 1043 535 est.

492 651 604 700 Lib.
639 652 780 711 VIII,
815 665 897 700 vv.
932 651 1209 700 338—340.

333 787 355 806 ‚,
384 787 989 796 .................
1016 758 1121 809 itque
1149 758 1333 809 superbus

333 822 500 861 Tantum
527 836 604 861 non
631 823 773 861 strictis
800 822 1060 870 mucronibus;
1094 822 1169 860 ulla
1195 822 1363 861 retardet

333 887 394 926 Ne
422 901 568 939 pugnas
596 901 711 936 mora,
739 886 830 937 dum
858 888 995 938 vagina
1022 886 1174 926 ducitur
1201 889 1337 926 ensis.“

270 952 421 998 Quibus
450 952 578 990 verbis
606 957 650 990 ut
677 953 848 1003 proxime
875 951 1190 1002 praecedentibus
1220 952 1392 990 versibus
1421 953 1554 990 Aemi-

141 1016 215 1055 lius
253 1015 395 1054 Paulus
435 1016 568 1055 consul
604 1030 730 1055 amara
756 1029 842 1054 cum
880 1017 1051 1055 irrisione
1090 1016 1325 1055 temerariam
1361 1016 1555 1069 pugnandi

142 1080 388 1133 cupiditatem
424 1082 595 1120 Terentii
622 1081 811 1122 Varronis
840 1081 1005 1133 collegae
1034 1081 1224 1121 describit.
1284 1082 1381 1121 Post
1414 1082 1553 1121 verba:

141 1147 267 1198 „itque
289 1171 338 1175 ——
354 1147 619 1186 mucronibus“
637 1146 676 1184 in
696 1146 926 1185 editionibus
945 1160 968 1185 a
985 1146 1298 1185 Drakenborchio
1319 1152 1358 1186 et
1375 1146 1554 1186 Ernestio

141 1212 281 1251 curatis
310 1213 515 1250 semicolon
541 1213 706 1264 ponitur,
734 1225 819 1250 cum
838 1212 1040 1251 verborum
1059 1225 1216 1260 conexu,
1244 1217 1288 1250 ut
1314 1214 1436 1264 primo
1465 1226 1555 1251 con-

142 1282 274 1328 spectu
303 1278 554 1328 cognoscitur,
587 1290 735 1315 comma
768 1278 951 1328 exigatur,
984 1290 1097 1327 quam
1126 1290 1254 1315 veram
1281 1278 1555 1329 interpunctio-

141 1355 228 1380 nem
256 1342 330 1380 iam
357 1342 565 1393 Rupertius
593 1342 769 1380 restituit.
815 1341 957 1390 Quare,
984 1355 1052 1379 cur
1078 1342 1250 1380 Bauerus
1278 1342 1390 1394 plane
1417 1342 1552 1381 falsam

141 1406 339 1457 pristinam
367 1406 650 1444 distinctionem
677 1407 900 1458 reposuerit,
938 1406 1091 1444 minime
1128 1419 1326 1457 assequor,
1365 1406 1479 1458 idque
1508 1421 1553 1445 eo

141 1471 262 1523 magis
296 1471 427 1520 miror,
469 1471 572 1523 quod
599 1471 659 1510 vir
686 1471 823 1510 doctus
851 1471 891 1509 in
917 1470 1163 1523 praefationis
1205 1473 1299 1510 tomi
1326 1471 1348 1510 I
1376 1471 1553 1511 editionis

141 1550 177 1587 p.
205 1536 281 1584 XI,
309 1538 349 1574 in
376 1536 579 1575 verborum
608 1536 863 1584 distinctione,
892 1549 977 1574 cum
1010 1549 1158 1574 summa
1190 1537 1253 1575 lex
1281 1538 1553 1575 sententiarum

141 1601 391 1654 perspicuitas
421 1601 494 1641 sibi
521 1601 667 1651 fuisset,
694 1600 858 1641 fortasse
887 1614 928 1641 se
956 1601 1113 1641 nimium
1140 1601 1259 1642 fuisse
1287 1601 1493 1642 contendit.

269 1667 445 1705 Eundem
478 1668 517 1705 in
540 1667 705 1715 modum,
743 1680 818 1718 quo
854 1667 926 1704 hoc
964 1667 1060 1715 loco,
1087 1667 1264 1706 Bauerus
1302 1669 1476 1718 peccavit
1514 1670 1553 1706 in

142 1731 312 1771 eiusdem
353 1732 439 1771 libri
468 1746 503 1771 v.
532 1734 608 1771 477
639 1737 677 1771 et
704 1731 852 1771 duobus
889 1745 992 1784 seqq.
1035 1756 1085 1760 —
1122 1732 1187 1784 qui
1215 1731 1431 1785 deprompti
1464 1738 1553 1772 sunt

142 1811 190 1835 ex
216 1798 387 1848 catalogo
415 1798 641 1849 populorum
660 1797 929 1845 Romanorum,
956 1798 1021 1848 qui
1048 1811 1197 1848 pugnae
1218 1797 1409 1836 Cannensi
1436 1798 1552 1836 inter-

141 1861 315 1901 fuerunt:

333 1927 483 1976 „Affuit
529 1956 1359 1966 .......................

448 2023 456 2031 .
496 1997 545 2041 et,
572 1992 760 2044 antiquus*
777 1992 960 2031 Romanis
987 1993 1185 2031 moenibus
1214 1992 1358 2041 horror,

334 2058 533 2098 Clusinum
562 2059 717 2111 vulgus;
745 2072 841 2107 cum,
868 2058 1039 2098 Porsena
1064 2072 1210 2110 magne,
1238 2058 1396 2098 iubebas

333 2123 372 2162 N
374 2138 416 2163 ec
444 2124 644 2176 quicquam
670 2124 801 2176 pulsos
829 2124 974 2162 Romae
1001 2124 1216 2175 imperitare
1245 2123 1474 2176 Superbos.“

141 2201 227 2227 cum
258 2187 572 2228 Drakenborchio
607 2194 645 2228 et
678 2189 857 2228 Ernestio
895 2194 984 2240 post
1015 2188 1198 2240 „vulgus“
1230 2189 1399 2241 graviter
1438 2190 1553 2229 inter-

141 2268 324 2307 pungens,
351 2268 577 2307 quamquam
605 2254 737 2295 verba:
774 2268 899 2304 „cum‚
926 2254 1096 2293 Porsena
1124 2284 1132 2293 .
1162 2285 1170 2293 .
1200 2284 1208 2293 .
1237 2256 1452 2308 imperitare
1481 2255 1553 2295 Su-

140 2321 301 2371 perbos“
329 2335 415 2359 cum
442 2321 756 2372 praecedentibus
776 2321 902 2360 verbis
931 2321 1118 2358 artissime
1142 2321 1343 2359 cohaerere
1371 2322 1454 2359 luce
1477 2322 1553 2359 cla-

140 2385 218 2424 rius
247 2389 316 2424 est.
370 2385 499 2424 Etiam
526 2385 588 2423 hic
615 2399 707 2424 vera
733 2384 999 2437 interpuncti9‚
1026 2398 1123 2436 quae
1152 2390 1211 2423 est
1239 2398 1401 2434 comma,
1429 2387 1503 2424 iam
1531 2399 1553 2425 a

140 2449 328 2504 Rupertio
356 2451 533 2490 restituta
560 2455 628 2490 est.
