1747 2820
860 100 909 137 22

176 212 267 253 dum
297 229 521 265 sermonem,
559 231 635 268 quo
674 217 739 256 illo
778 217 863 257 loco
902 223 1016 270 poeta
1049 220 1178 267 utitur,
1218 220 1445 259 infinitivum
1473 220 1593 260 histo-

174 279 295 317 ricum
333 280 540 331 intelligam
585 304 635 309 —
678 295 724 319 eo
760 287 908 320 tantum
950 282 1065 321 modo
1103 283 1295 335 explanari
1333 290 1511 335 possunt,
1551 290 1594 323 ut

177 347 399 394 statuamus,
438 349 560 385 terrae
599 345 754 396 molem,
794 360 891 399 quae
937 352 1087 388 antrum
1132 348 1297 402 operiret
1343 348 1421 400 (cfr.
1450 363 1486 389 v.
1517 351 1592 390 150

175 411 270 456 „sub
298 415 417 448 terras
446 414 618 462 specus“)
655 413 843 450 corruisse
881 418 920 451 et
959 427 1130 464 anguem,
1166 414 1231 464 qui
1267 415 1306 451 in
1344 419 1451 452 antro
1480 420 1593 470 esset,

177 473 359 514 obruisse.
414 474 567 524 Quibus
604 476 799 530 expositis,
832 491 946 531 quam
984 483 1072 532 apte
1108 477 1156 519 de
1196 484 1370 533 serpente
1407 478 1591 529 „disiecta

176 541 334 578 tellure“
370 541 514 579 dictum
551 548 590 580 et
625 556 736 592 quam
774 543 871 581 bene
905 544 1024 581 verba
1057 544 1288 591 „disiecta“
1324 551 1363 583 et
1397 546 1594 593 ‚,extulit“

176 618 199 644 a
225 609 340 658 poeta
367 604 539 646 adhibita
566 606 653 656 sint,
680 605 794 647 facile
823 608 1004 661 cognosci
1032 607 1190 649 confido.

660 869 771 919 Lib.
807 870 891 929 vl,
928 883 974 919 v,
1010 869 1111 919 372.

371 997 554 1045 „Accessi
582 1011 721 1046 comes,
749 998 851 1036 haud
879 999 963 1050 ipso
992 1004 1186 1047 renuente,
1214 1001 1360 1051 ratique

371 1062 580 1115 Impositus
607 1064 762 1102 maestis
791 1064 934 1102 socium
963 1078 1023 1102 me
1051 1064 1201 1103 casibus
1230 1064 1363 1104 add0.“

305 1128 568 1180 Depromptus
611 1133 671 1166 est
708 1128 812 1166 locus
856 1141 903 1166 ex
930 1128 1033 1166 Mari
1075 1129 1288 1168 narratione
1317 1129 1365 1168 de
1393 1131 1541 1182 Regulo
1570 1144 1591 1169 a

176 1193 318 1231 Poenis
348 1192 396 1231 de
424 1206 517 1244 pace
544 1192 718 1231 facienda
744 1193 908 1231 Romam
935 1194 1063 1232 misso.

305 1257 395 1295 Duo
429 1258 604 1296 meliores
633 1257 889 1309 Sangallensis
927 1259 1134 1311 apographi
1162 1259 1207 1297 L.
1238 1264 1277 1297 et
1309 1259 1353 1298 F.
1381 1265 1592 1308 ,‚maestus“

177 1322 378 1372 exhibent,
420 1337 507 1362 cum
548 1324 587 1362 in
630 1323 843 1363 Oxoniensi
884 1329 923 1363 et
961 1324 1154 1366 Vaticano
1195 1325 1394 1373 „maestis“
1434 1326 1592 1377 legatur,

176 1402 273 1440 quae
310 1389 498 1441 scriptura
524 1389 572 1427 ab
601 1389 776 1428 omnibus
816 1394 975 1441 excepto
1003 1390 1154 1428 Bauero
1192 1390 1411 1438 editoribus,
1450 1391 1591 1442 quippe

175 1455 240 1505 qui
281 1454 621 1505 praestantioribus
654 1454 761 1492 libris
803 1468 879 1492 non
921 1455 980 1492 usi
1022 1456 1114 1502 sint,
1151 1455 1189 1492 in
1219 1455 1420 1494 verborum
1455 1456 1592 1494 seriem

176 1523 330 1570 recepta
357 1523 426 1557 est.
465 1518 638 1557 Bauerus
657 1519 802 1570 primus
829 1524 1042 1566 ‚,maestus“
1069 1520 1249 1570 reposuit,
1278 1519 1346 1558 sed
1371 1534 1462 1558 num
1480 1525 1592 1568 recte,

176 1582 290 1621 valde
318 1582 463 1621 dubito.
519 1582 764 1623 Vocabulum
797 1588 1010 1631 „maestus“
1038 1583 1086 1622 de
1115 1583 1226 1622 Maro
1261 1589 1484 1636 usurpatum
1516 1598 1592 1623 non

177 1648 280 1686 omni
307 1647 463 1698 quidem
491 1661 605 1686 sensu
634 1653 747 1695 caret,
776 1661 860 1686 cum
889 1648 951 1686 hic
980 1653 1147 1687 maestus
1175 1662 1258 1687 esse
1287 1655 1419 1699 posset
1437 1654 1594 1700 propter

176 1712 311 1750 duram
338 1712 490 1763 Reguli,
529 1711 673 1750 domini
703 1713 772 1760 sui,
809 1717 961 1760 sortem,
998 1712 1066 1751 sed
1107 1712 1227 1750 multo
1265 1718 1461 1764 praestare
1499 1713 1593 1751 mihi

176 1776 340 1825 videtur,
359 1778 560 1825 „maestis“
578 1777 755 1815 scribere.
795 1777 1000 1823 Quomodo
1018 1778 1195 1825 „maestis
1216 1777 1389 1816 casibus“
1407 1778 1593 1829 accipien-

176 1842 267 1879 dum
295 1842 357 1889 sit,
396 1854 559 1892 sequens
597 1854 731 1879 versus
760 1841 858 1879 clare
888 1840 1065 1879 ostendit.
1121 1840 1297 1891 Syllabae
1333 1846 1422 1889 „us“
1450 1847 1489 1879 et
1516 1842 1593 1889 „is“

177 1908 291 1946 etiam
324 1906 414 1946 alibi
448 1906 593 1945 incuria
634 1906 843 1945 scribarum
885 1906 1095 1958 permixtae
1136 1911 1234 1945 sunt.
1294 1905 1405 1945 Idem
1446 1908 1593 1956 vitium,

101 1968 104 1971 ’
177 1986 252 2023 quo
281 1972 415 2024 optimi
444 1971 596 2010 codices
635 1971 709 2009 hoc
736 1971 820 2009 loco
859 1971 1030 2010 laborare
1059 1971 1152 2009 mihi
1180 1971 1369 2018 videntur,
1408 1971 1485 2019 111,
1516 1973 1592 2010 504

177 2050 327 2088 quoque
369 2051 392 2075 a
432 2036 596 2075 librariis
639 2037 883 2075 commissum
925 2041 995 2075 est.
1059 2036 1122 2074 Ibi
1169 2037 1270 2074 enim
1311 2036 1592 2075 consentientes

176 2102 263 2141 libri
290 2106 503 2150 ‚,maestus“
525 2101 691 2150 tradunt,
720 2114 805 2139 cum
833 2106 937 2140 totus
958 2101 1159 2140 verborum
1188 2114 1355 2140 conexus
1382 2101 1593 2149 ,‚maestis“,

177 2166 279 2218 quod
310 2165 541 2205 Schraderus
580 2171 619 2205 et
645 2166 691 2204 L.
719 2166 907 2205 Miillerus
940 2166 1199 2213 restituerunt,
1234 2165 1413 2217 postulet.
1472 2164 1594 2204 Deni-

175 2245 249 2283 que
287 2230 336 2269 ad
372 2230 715 2269 commendandum
749 2230 962 2279 „maestis,“
997 2230 1045 2269 de
1082 2243 1157 2281 quo
1194 2231 1351 2281 agimus,
1386 2230 1483 2278 loco,
1518 2230 1593 2268 nisi

175 2296 303 2348 magni
321 2300 450 2334 tamen
469 2295 626 2334 alicuius
645 2296 828 2334 momenti
847 2300 917 2344 est,
939 2295 1042 2347 quod
1062 2294 1195 2335 eadem
1213 2294 1294 2334 fere
1313 2299 1395 2333 tota
1413 2294 1593 2346 loquendi

174 2361 297 2401 forma
335 2361 375 2400 in
402 2360 426 2400 l.
455 2360 509 2410 V,
537 2375 573 2401 v.
603 2362 679 2400 237
709 2361 917 2401 invenitur:
956 2366 1019 2410 „et
1054 2360 1198 2400 socium
1238 2359 1376 2400 duris
1405 2374 1445 2400 se
1474 2360 1593 2399 casi-

173 2427 260 2468 bus
288 2427 430 2467 addit.“
