1747 2820
848 113 897 151 27

297 230 474 270 Eundem
500 232 540 269 in
567 230 723 270 modum
751 255 801 260 —
830 230 933 283 quod
960 230 1010 270 ad
1036 228 1262 270 sententiam
1289 229 1442 282 quidem
1470 243 1576 282 spec-

169 300 226 335 tat
245 320 294 325 —
313 296 542 336 Lefeburius
570 301 610 336 et
636 296 836 336 Ernestius
864 310 943 336 rem
968 296 1147 349 expedire
1176 295 1413 344 studuerunt,
1442 295 1511 334 sed
1537 295 1578 333 hi

168 361 371 400 verborum
404 361 604 409 „tandem“
636 366 676 400 et
701 366 898 412 „gentem“
925 361 1016 400 sede
1048 366 1193 399 mutata
1224 360 1400 409 „tandem
1433 360 1577 411 gremio

169 425 358 477 deponere
386 431 469 465 tuto
500 426 719 465 Romuleam
745 431 919 478 gentem“
947 426 1188 478 scripserunt.
1234 425 1311 465 Sed
1339 426 1432 464 haec
1460 426 1578 477 scrip-

167 495 253 528 tura
285 491 366 529 sine
394 490 511 530 dubio
538 490 752 542 respuenda
779 496 853 539 est,
893 505 979 529 cum
1005 491 1079 529 nisi
1121 496 1251 529 contra
1292 504 1423 529 omnes
1451 495 1576 528 tamen

168 559 298 594 contra
338 569 468 594 omnes
509 555 685 595 meliores
726 555 876 595 codices
916 556 1021 608 prior
1052 555 1252 595 verborum
1280 554 1374 594 ordo
1401 556 1576 593 inversus

168 620 227 658 sit.
288 620 345 660 Ut
380 620 429 659 ad
460 620 764 659 Drakenborchii
799 622 1054 660 coniecturam
1088 634 1340 668 recurramus,
1375 620 1576 658 Ernestius

166 688 288 723 totum
322 685 524 724 verborum
563 698 717 729 sensum
755 686 809 723 ita
847 685 1028 737 explicat:
1068 684 1258 737 „Inspirat
1295 684 1367 723 1106
1399 684 1578 736 Juppiter

165 749 349 790 Romanis
390 755 433 789 ut
473 750 597 800 Deus,
643 755 686 790 ut
726 750 937 790 Romanam
976 755 1130 802 gentem
1171 750 1206 789 11.
1244 765 1275 789 e.
1316 750 1446 802 copias
1488 763 1576 789 suas

165 815 318 853 tandem
359 815 561 867 aliquando
601 820 708 864 „tuto
748 816 892 867 gremio
933 815 1127 867 deponant
1168 820 1261 853 etc.“
1328 815 1418 854 Non
1459 815 1575 853 male!

164 879 299 931 Neque
341 881 496 919 minime
538 880 750 919 dubitarem
792 880 879 918 huic
919 880 997 919 leni
1037 880 1237 919 mutationi
1279 880 1453 919 assentiri
1472 910 1482 928 ,
1543 881 1575 918 51

165 957 297 983 revera
337 946 454 983 verba
486 945 574 992 „dat
603 945 819 983 Aeneadis“
859 945 899 982 id
940 946 1204 995 significarent,
1245 944 1348 995 quod
1375 945 1576 983 Ernestius

165 1013 204 1047 et
221 1008 447 1049 Lefeburius
475 1009 522 1048 iis
550 1009 707 1062 intelligi
737 1009 881 1058 volunt,
909 1023 959 1048 sc.
977 1008 1035 1058 „J.
1054 1009 1262 1062 inspirabat
1279 1009 1485 1048 Romanis“
1512 1014 1577 1047 aut

163 1075 239 1122 „ita
256 1075 360 1123 fecit,
379 1080 422 1113 ut
440 1075 603 1114 Romani
622 1081 715 1114 etc.“
752 1075 829 1113 Sed
847 1075 943 1113 hanc
961 1075 1154 1113 notionem
1173 1076 1212 1113 in
1231 1075 1415 1114 vocabulo
1443 1075 1577 1122 „dare“

163 1141 299 1187 inesse,
340 1139 550 1191 praefracte
589 1153 703 1190 nego,
739 1145 911 1177 accurate
938 1140 1121 1191 inspectis
1157 1139 1329 1191 plurimis
1365 1139 1475 1187 locis,
1510 1139 1576 1177 ubi

164 1204 322 1242 verbum
349 1204 483 1252 „dare“
508 1218 591 1242 cum
620 1205 807 1243 infinitivo
827 1210 1084 1243 constructum
1103 1210 1172 1252 est,
1200 1218 1294 1255 quos
1315 1204 1572 1252 Schmidtius,¹

164 1269 415 1317 Schinkelius,
430 1275 441 1285 ·’
469 1270 684 1321 Draegerus
738 1274 1019 1320 congesserunt.
1062 1269 1251 1308 Omnibus
1270 1269 1370 1308 enim
1398 1270 1457 1308 1115
1482 1269 1575 1308 10615

162 1334 297 1382 „dare“
325 1334 459 1373 eodem
487 1348 602 1373 sensu
629 1339 851 1386 usurpatum
879 1339 948 1382 est,
975 1348 1050 1385 quo
1079 1335 1196 1373 verba
1222 1334 1463 1382 „concedere‚
1491 1348 1576 1385 per-

163 1400 324 1448 mittere,
352 1404 580 1452 potestatem
598 1399 720 1448 dare“,
748 1413 859 1451 quam
889 1399 1201 1451 significationem
1229 1404 1359 1438 nostro
1387 1399 1471 1438 loco
1500 1413 1573 1437 11011

163 1465 365 1503 convenire
401 1465 441 1502 in
477 1469 608 1515 aperto
645 1469 714 1502 est.
768 1464 858 1510 Qua
893 1464 941 1502 de
978 1477 1092 1502 631153
1118 1464 1423 1502 Drakenborchii
1450 1478 1576 1502 emen-

163 1529 279 1569 dandi
308 1535 467 1569 conatus
495 1543 616 1568 vanus
644 1534 756 1581 atque
785 1530 912 1568 irritus
942 1534 1010 1568 est.
1064 1528 1150 1568 Jam
1185 1543 1308 1569 meam
1343 1529 1463 1582 ipsius
1489 1543 1577 1568 5611-

163 1595 322 1632 tentiam
350 1595 550 1646 proferam.
596 1594 681 1645 Ego
701 1608 850 1644 quoque
875 1608 961 1631 cum
988 1595 1158 1645 plurimis
1187 1595 1455 1645 interpretibus
1483 1594 1576 1631 nihil

163 1658 266 1698 aliud
294 1664 512 1711 corruptum
548 1663 658 1710 puto,
694 1659 768 1697 nisi
797 1672 928 1697 vocem
968 1658 1175 1706 ,‚tandem“.
1230 1658 1307 1697 Pro
1334 1658 1405 1698 hac
1433 1659 1577 1710 simpli-

163 1724 357 1763 cissimum
376 1724 468 1762 mihi
487 1723 689 1762 videbatur
715 1723 857 1775 legere:
886 1724 992 1772 „iam
1021 1728 1146 1772 rem“‚
1174 1729 1218 1762 ut
1245 1724 1307 1762 hic
1334 1738 1467 1763 sensus
1495 1724 1574 1763 fiat:

162 1790 342 1842 Juppiter
368 1789 551 1828 Romanis
579 1794 744 1835 mentem
773 1788 879 1828 dedit
905 1789 941 1827 h.
970 1803 1001 1828 e.
1029 1790 1180 1842 impulit
1208 1803 1285 1836 eos,
1321 1794 1364 1827 ut
1390 1791 1463 1828 iam
1492 1790 1515 1828 i.
1543 1803 1575 1828 6.

163 1855 317 1894 tandem
345 1855 556 1893 Romanam
585 1868 665 1893 rem
701 1859 764 1904 (56.
792 1855 994 1906 publicam)
1030 1860 1114 1893 tuto
1151 1855 1295 1906 gremio
1332 1855 1575 1906 deponerent.

164 1920 252 1959 Hoc
281 1921 423 1971 optime
457 1919 534 1958 dici
567 1919 615 1958 de
642 1919 763 1958 Fabio
792 1919 1033 1967 cunctatore,
1060 1934 1172 1970 quem
1200 1920 1347 1958 Ennius
1383 1919 1575 1971 praedicat

163 1985 362 2023 notissimo
381 1984 446 2022 illo
465 1997 595 2023 versu:
624 1983 758 2032 „Unus
777 1983 890 2022 homo
909 1984 1019 2039 nobis
1039 1984 1249 2023 cunctando
1268 1985 1435 2023 restituit
1452 1989 1577 2032 rem“‚

163 2063 259 2100 quae
287 2049 404 2088 verba
435 2048 598 2087 fortasse
627 2048 721 2087 Silio
755 2048 935 2087 scribenti
968 2054 1055 2087 ante
1089 2049 1218 2087 oculos
1253 2048 1455 2087 obversata
1487 2050 1577 2097 sint,

164 2114 249 2165 quis
278 2119 338 2152 est
366 2114 430 2164 qui
458 2115 595 2164 neget?
632 2112 713 2162 (cfr.
741 2113 856 2151 etiam
882 2113 942 2161 X,
971 2116 1047 2151 282
1081 2126 1248 2160 „rerum
1275 2113 1397 2151 Fabio
1425 2113 1577 2151 tradan-

163 2184 225 2216 tur
251 2178 455 2217 habenae.“
500 2179 629 2229 Atque
658 2177 772 2216 etiam
800 2177 1055 2230 discrepantia
1082 2176 1241 2216 traditae
1268 2177 1444 2216 lectionis
1472 2183 1577 2226 „tan-

294 2288 303 2304 ¹
328 2287 541 2325 Solnuidtius,
565 2287 585 2318 1.
610 2287 629 2318 1.

293 2341 305 2358 “·’
329 2340 549 2380 Schinkeh'us,
572 2340 592 2372 1.
617 2340 637 2372 1.
662 2352 692 2382 p.
719 2342 767 2372 73.

294 2395 305 2411 ³
329 2395 484 2436 Draeger,
517 2395 725 2426 Historische
750 2395 878 2435 Syntax
902 2394 960 2426 der
983 2394 1197 2426 lateinischen
1223 2395 1378 2436 Sprache.
1424 2400 1503 2426 tom.
1529 2395 1574 2426 II.

163 2458 194 2488 p.
220 2449 291 2480 349.
