1747 2820
900 138 951 179 38

347 257 440 296 171:
478 256 526 295 ab
554 256 778 307 (Heinsius).
833 258 928 296 247:
957 261 998 296 at
1022 256 1235 308 (Bentleius
1261 262 1303 297 et
1332 271 1405 298 van
1433 258 1631 309 Veenius).

216 322 311 359 266:
341 335 385 359 ac
412 321 636 371 (Heinsius).
681 323 775 361 377:
806 336 827 360 e
855 322 995 361 celebri
1021 321 1246 373 (Heinsius).

344 388 443 425 448:
484 387 648 425 iuuant
673 400 744 438 pro
771 386 912 435 lavant,
953 385 1057 438 quod
1084 387 1244 426 verbum
1272 387 1313 426 in
1341 401 1454 427 versu
1481 402 1631 440 quoque

215 453 292 489 450
322 456 448 490 exstat
489 451 736 503 (Rupertius).
779 453 877 490 512:
920 464 1109 502 quemque
1149 451 1271 490 tulere
1312 454 1399 502 (van
1432 452 1631 502 Veenius).

216 517 310 554 549:
338 520 534 566 gestarant
560 515 924 567 (Drakenborchius)
957 515 1032 555 nisi
1058 514 1160 555 forte
1187 520 1340 568 poetam
1373 530 1443 569 pro
1470 516 1631 566 „domo“

213 580 362 628 ‚,domi“
389 581 589 632 scripsisse
618 585 741 632 putas.
785 582 861 619 576
885 583 952 619 77:
981 581 1048 632 qui
1066 605 1117 609 —
1140 581 1362 619 recensebat
1389 582 1565 630 (Bothius
1593 587 1633 620 et

211 645 410 695 Blassius),
437 644 541 695 quod
569 658 640 695 ego
669 658 819 695 quoque
848 645 1004 683 conieci.

342 709 365 747 1.
393 708 470 757 IX,
498 722 534 748 v.
564 711 659 748 224:
688 707 1008 761 Adyrmachidae,
1036 714 1076 748 et
1102 710 1246 762 pariter
1271 722 1366 761 gens
1394 709 1524 749 accola
1551 710 1631 749 Nili

212 774 575 824 (Drakenborchius)
604 774 674 813 cfr.
702 774 781 822 ΠΙ,
810 776 887 813 265
909 776 998 813 268.
1055 776 1149 814 314:
1184 774 1246 813 Ac
1271 775 1377 826 prius
1406 807 1415 815 .
1445 805 1453 813 .
1482 805 1490 813 .
1518 788 1631 826 quam

212 838 449 889 (Gronovius
478 844 518 878 et
544 839 800 890 Burmannus)
842 839 909 878 cfr.
944 839 1119 892 exempla
1146 852 1170 878 a
1196 839 1383 892 Rupertio
1410 839 1449 878 in
1477 845 1569 879 nota
1594 840 1630 879 h.

210 904 284 942 loci
326 904 490 943 laudata„
548 907 643 944 350:
687 904 942 957 Speremusne
984 904 1183 955 (Blassius)
1225 904 1328 956 quod
1368 918 1440 955 ego
1480 918 1630 956 quoque

211 969 368 1008 conieci.
430 970 530 1009 600:
574 968 711 1008 ductor
750 968 945 1018 (Barthius
986 974 1027 1007 et
1053 969 1264 1019 Heinsius).
1311 970 1406 1008 602:
1449 969 1630 1008 coniectis

211 1033 437 1084 (Heinsius).

339 1099 364 1137 l.
392 1098 446 1146 X,
476 1101 543 1138 15:
584 1099 748 1138 densens
777 1098 999 1149 (Heinsius).
1056 1100 1149 1138 187:
1191 1097 1328 1137 doctus
1356 1098 1553 1149 (Heinsius
1593 1104 1631 1138 et.

209 1163 399 1216 Botphius).
436 1165 531 1203 243:
561 1164 764 1215 impatiens
793 1176 862 1214 pro
889 1163 1084 1215 „patiens“
1110 1162 1332 1213 (Heinsius).
1348 1185 1398 1192 -
1412 1162 1631 1202 fremebun-

211 1226 283 1267 dus
312 1227 548 1278 (Gronovius
567 1233 608 1267 et
625 1228 824 1279 Heinsius)
852 1228 923 1267 cfr.
950 1227 1167 1280 frequentia
1194 1227 1369 1280 exempla
1395 1242 1418 1267 a
1435 1228 1629 1268 Drakenb.

210 1293 299 1331 huic
326 1294 411 1332 loco
440 1293 643 1345 adscripta.
699 1295 795 1332 247:
824 1293 979 1345 Libyes,
1007 1306 1123 1345 super
1149 1294 1232 1345 ipse
1259 1306 1330 1344 pro
1357 1293 1512 1344 vulgata
1538 1295 1630 1332 scri—

210 1357 326 1397 bendi
360 1358 527 1398 ratione:
566 1358 711 1410 Libyes
739 1371 866 1410 super,
893 1359 976 1410 ipse
1005 1357 1205 1408 (Bothius).
1259 1357 1321 1397 Dc
1355 1358 1426 1397 hac
1452 1359 1629 1398 vocabuli

208 1428 369 1475 „super“
395 1424 551 1462 notione
580 1423 645 1461 csr.
661 1423 782 1474 Verg.
802 1424 900 1461 Aen.
915 1422 1015 1471 VH,
1042 1424 1134 1471 462,
1160 1422 1237 1470 XI,
1257 1424 1345 1461 226.
1393 1425 1489 1462 304:
1519 1423 1630 1461 Oelta

209 1488 464 1537 (Burmannus
501 1493 542 1527 et
568 1486 823 1538 Lefeburius).
876 1490 970 1527 333:
1010 1486 1085 1525 huc
1120 1486 1331 1538 (Heinsius)
1359 1488 1455 1526 463:
1485 1487 1524 1526 in
1564 1502 1628 1526 ore

209 1552 422 1604 (Heinsius)
450 1552 554 1604 quod
581 1552 674 1591 mihi
694 1566 845 1604 quoque
873 1553 913 1590 in
940 1557 1107 1591 mentem
1126 1552 1242 1592 venit.
1291 1554 1384 1591 529:
1412 1552 1488 1591 icta
1516 1552 1629 1601 (Gro-

208 1617 346 1657 novius
376 1622 415 1657 et
442 1617 655 1667 Heinsius),
684 1617 786 1657 idem
815 1631 897 1669 ego.
932 1617 999 1655 cfr.
1028 1616 1149 1668 Verg.
1177 1617 1275 1655 Aen.
1304 1616 1381 1665 VI,
1412 1618 1499 1656 180.
