1747 2820
851 117 906 154 32-

514 364 626 413 Lib.
662 366 803 424 VIII,
839 379 920 414 vv.
954 365 1233 415 463—465.

356 504 530 552 „Ductor
557 504 650 542 Piso
678 505 782 544 viros
811 518 1012 556 spernaces
1040 505 1174 544 mortis
1202 505 1349 556 agebat,

358 569 440 608 Ora
467 583 563 621 puer
590 569 822 621 pulcherque
849 569 1032 618 habitum,
1061 569 1130 609 sed
1158 569 1272 609 corde
1300 572 1425 623 sagaci

356 634 561 685 Aequabat
589 635 736 673 senium
765 640 879 686 atque
907 640 993 673 astu
1021 640 1269 686 superaverat
1295 640 1449 674 annos.“

291 698 353 737 Ex
382 712 458 750 quo
487 698 645 737 Modius
682 712 729 737 ex
758 698 841 738 cod.
871 698 1089 739 Coloniensi
1126 699 1328 738 lectionem
1363 713 1452 748 „ora
1488 714 1583 752 puer

161 764 395 815 pulcherque
414 764 637 802 habitum“¹
667 764 837 816 protulit,
865 764 958 803 haec
987 764 1105 803 verba
1132 765 1172 802 in
1202 778 1334 803 omnes
1363 770 1473 803 notas
1503 765 1582 803 edi-

160 829 286 866 tiones
309 833 465 880 reeepta
486 833 587 876 sunt,
606 842 692 866 cum
711 833 824 867 antea
840 828 928 867 libri
955 829 1131 880 impressi
1153 829 1434 868 consentientes
1463 831 1583 881 scrip-

160 898 284 931 turam
323 906 413 941 „ore
449 906 547 944 puer
581 893 765 944 puerique
801 893 956 931 habitu“
992 892 1225 932 exhiberent.
1280 892 1359 931 Sed
1392 894 1582 944 quomodo

161 957 234 997 viri
263 956 368 996 docti
388 957 559 1010 exceptis
579 957 810 1006 Bmmanno,
840 962 879 996 et
906 958 971 1009 qui
999 957 1047 996 ab
1067 958 1147 996 eius
1177 957 1393 996 coniectura
1420 958 1582 1007 stabant,

160 1023 367 1061 Lefeburio
394 1028 433 1061 et
450 1022 769 1061 Drakenborchio
794 1023 912 1062 verba
939 1023 1192 1075 „pulcherque
1220 1023 1415 1062 habitum“
1441 1025 1583 1062 intaeta

160 1089 378 1127 existimare
406 1089 613 1139 potuerint,
641 1102 712 1139 ego
741 1088 895 1126 omnino
924 1088 1244 1139 comprehendere
1272 1102 1431 1139 nequeO.
1484 1089 1582 1127 Cum

160 1158 313 1204 poetam
342 1153 444 1191 enim
471 1152 567 1191 nihil
594 1151 699 1191 aliud
727 1151 855 1191 dicere
883 1152 982 1192 velle
1010 1152 1254 1192 manifestum
1284 1153 1344 1201 sit,
1372 1153 1445 1191 nisi
1473 1153 1583 1192 Piso-

159 1231 247 1256 nem
286 1222 410 1256 aetate
445 1216 600 1268 quidem
633 1231 794 1268 puerum
832 1218 855 1255 i.
891 1231 921 1255 e.
950 1217 1244 1266 adulescentem,
1284 1217 1353 1256 sed
1380 1217 1582 1269 prudentia

159 1287 273 1333 atque
293 1282 452 1320 consilio
472 1295 603 1320 senem
621 1282 752 1330 fuisse,
780 1281 884 1333 quid,
911 1295 1064 1333 quaeso,
1092 1282 1132 1320 in
1150 1282 1223 1320 hoc
1242 1287 1424 1321 contextu
1452 1283 1583 1335 „pul-

149 1348 356 1398 cherque
385 1347 581 1385 habitum“
609 1347 682 1385 sibi
711 1347 819 1385 vult?
863 1347 973 1385 Haec
1002 1347 1115 1394 dicta,
1144 1348 1226 1385 sive
1253 1348 1469 1395 „habitum“
1497 1361 1583 1399 spe-

159 1412 256 1451 ciem
293 1411 482 1464 corporis,
522 1411 605 1450 sive
634 1411 834 1460 vestitum,
873 1416 917 1449 ut
951 1411 1100 1460 Modio,
1137 1411 1369 1460 Burmanno,
1407 1412 1583 1450 Draken-

159 1477 316 1516 borchio
344 1477 535 1528 placuisse
564 1476 728 1524 videtur,
756 1477 1033 1528 interpretaris,
1061 1490 1183 1528 neque
1212 1490 1326 1515 sensu
1355 1477 1403 1515 ad
1430 1491 1582 1529 praece—

159 1542 290 1581 dentia
316 1541 435 1581 verba
467 1555 557 1589 „ora
584 1546 702 1593 puer“
737 1541 834 1581 bene
864 1555 905 1580 se
934 1542 1143 1593 applicant,
1179 1555 1319 1593 neque,
1355 1556 1583 1593 quamquam

160 1621 317 1646 neeesse
347 1611 559 1658 exspectes,
588 1606 835 1657 sequentibus
855 1606 982 1645 verbis
1006 1607 1184 1658 opposita
1210 1612 1309 1645 sunt.
1355 1607 1486 1653 Quare
1509 1607 1583 1644 nisi

158 1672 258 1710 forte
287 1676 366 1709 tam
384 1671 554 1723 ineptam
582 1671 815 1709 locutionem
843 1676 979 1722 poetae
998 1671 1186 1722 imputare
1214 1671 1345 1719 audes,
1373 1671 1483 1710 aliter
1509 1671 1582 1709 hoe

158 1736 245 1774 loco
273 1749 296 1773 a
324 1735 419 1773 Silio
449 1735 633 1786 seriptum
671 1748 755 1773 esse
792 1735 1037 1773 iudicandum
1073 1735 1155 1773 erit.
1212 1735 1394 1774 Ceterum
1430 1748 1507 1773 non
1543 1736 1583 1773 in

159 1800 335 1839 omnibus
354 1799 462 1839 libris
481 1800 535 1838 ita
552 1799 710 1850 legitur;
730 1798 807 1837 duo
827 1798 1036 1838 deteriores
1056 1798 1313 1851 Sangallensis
1333 1799 1540 1852 apographi
1558 1799 1582 1838 l.

159 1866 394 1905 Oxoniensis
415 1870 455 1903 et
472 1865 496 1903 l.
511 1865 728 1905 Vaticanus
748 1865 933 1916 praebent
946 1878 1136 1916 „puerque
1151 1865 1318 1904 habitu.“
1336 1865 1448 1912 Quae
1464 1865 1583 1917 scrip-

157 1937 242 1969 tura
256 1931 357 1969 bono
371 1929 527 1981 quidem
539 1942 654 1968 sensu
670 1929 781 1968 valde
792 1928 1089 1977 commendatur,
1103 1928 1172 1967 sed
1187 1928 1391 1968 adversum
1405 1943 1480 1967 non
1494 1935 1584 1981 apta

158 2001 227 2035 est.
246 1996 272 2034 J
274 2010 334 2034 am
349 1995 530 2034 adeamus
546 1994 596 2033 ad
610 1995 865 2033 coniecturam
876 1994 1096 2043 Burmanni,
1111 1995 1171 2032 cui
1182 1994 1307 2046 legere
1321 1994 1480 2046 placuit:
1495 2008 1584 2042 „ora

156 2075 252 2113 puer
258 2076 268 2109 ;
296 2074 512 2113 puerosque
532 2060 635 2110 (vel.:
664 2063 913 2111 puerumque)
941 2059 1085 2108 habitu,
1113 2058 1182 2098 sed
1201 2059 1315 2098 corde
1344 2061 1469 2111 sagaci
1491 2064 1583 2098 etc.“

156 2132 223 2175 „ut
250 2126 364 2174 dicat,
384 2150 435 2154 —
454 2125 549 2164 haec
569 2129 660 2164 sunt
678 2124 907 2164 Drakverba
927 2149 976 2153 —
997 2125 1178 2164 Pisonem
1208 2125 1354 2164 vestitu
1382 2131 1421 2163 et
1448 2129 1583 2163 ornatu

157 2205 307 2243 pueros,
347 2190 416 2229 sed
455 2195 582 2229 mente
617 2194 657 2228 et
690 2189 895 2241 prudentia
933 2203 1044 2228 senes
1084 2190 1310 2228 rettulisse“.
1366 2189 1456 2236 Quo
1484 2189 1582 2227 Bur—

158 2257 285 2295 manni
313 2256 512 2308 proposito
531 2257 597 2294 vix
626 2254 835 2307 quidquam
863 2254 1044 2293 insulsius
1074 2254 1281 2306 excogitari
1309 2259 1448 2306 potest.
1498 2255 1582 2306 Ap-

291 2398 298 2414 ¹
324 2397 379 2428 Ita
401 2396 502 2429 verba
524 2396 558 2427 in
583 2396 809 2428 Laurentiano
832 2399 865 2427 et
889 2394 1083 2428 Florentino
1106 2405 1238 2438 quoque
1261 2398 1413 2435 exstant,
1437 2398 1581 2437 praeter-

157 2462 258 2498 quam
283 2451 372 2495 quod
396 2461 456 2494 pro
479 2450 674 2493 „habitum“
700 2450 859 2492 ‚,habitu“
883 2450 1013 2493 legitur.
