1747 2820
862 152 909 190 12

304 267 368 308 Sic
395 282 530 308 versus
562 273 714 308 exstant
748 269 788 308 in
825 269 1000 310 omnibus
1036 269 1144 309 libris
1184 269 1336 323 scriptis
1373 274 1487 322 atque
1522 268 1592 309 im-

174 335 327 385 pressis.
366 359 414 363 —
453 334 501 373 In
538 335 667 374 verbis
703 335 871 383 „incerta
903 336 1074 375 cervice“
1109 335 1343 387 explicandis
1379 336 1453 374 viri
1489 335 1592 374 docti

174 400 212 436 in
232 399 357 437 varias
387 399 596 438 sententias
616 399 801 447 abierunt,
829 414 988 452 quarum
1007 413 1164 453 prorsus
1188 399 1328 439 nullam
1358 399 1592 452 probandam

174 477 259 502 esse
288 466 510 503 censuerim.
552 464 762 517 Rupertius
791 465 829 503 in
859 465 1025 504 editione
1054 479 1124 505 sua
1150 464 1199 504 ad
1225 465 1326 503 hunc
1352 465 1478 504 locum
1496 465 1591 504 haec

174 533 349 567 annotat:
389 529 568 577 „vulnere
597 543 673 567 non
702 534 805 568 certo
835 534 874 568 et
900 529 1005 568 letali
1033 534 1225 582 accepto.“
1280 529 1381 569 Sane
1410 529 1451 568 id
1477 534 1592 582 poeta

175 593 385 644 significare
414 594 509 642 vult,
546 594 615 633 sed
651 594 744 646 quid
773 599 832 633 est
867 595 1034 643 „incerta
1061 595 1237 634 cervix?“
1282 594 1378 635 Vox
1404 594 1593 643 ,‚incerta“

173 658 241 696 tali
268 659 414 697 ratione
452 659 606 698 minime
644 659 825 711 explicari
861 672 979 711 posse.
1012 659 1106 698 mihi
1142 659 1304 699 videtur.
1367 658 1592 707 Audiamus,

174 722 267 774 quid
296 723 400 762 dicat
427 724 629 763 Ernestius
658 724 707 763 de
726 725 919 763 hocloco:
948 725 1124 773 „saucius
1152 738 1201 764 ex
1218 725 1373 777 bipenni
1401 738 1477 762 non
1498 724 1591 763 satis

174 793 279 827 certo
308 789 386 827 ictu
415 789 606 841 depressa.
663 789 741 829 Sed
769 795 884 842 poeta
910 803 1037 828 rerum
1066 789 1240 829 ordinem
1266 789 1433 828 invertit.
1490 789 1591 828 Nam

174 854 327 905 proprie
345 849 433 892 'non
461 856 602 903 cervix,
631 854 699 893 sed
727 855 903 907 bipennis
931 855 1076 893 incerta
1103 859 1195 894 est.“
1248 855 1449 894 Ernestius
1477 856 1592 906 igitur

173 918 276 956 illam
305 919 485 972 loquendi
515 919 678 958 formam
697 920 866 971 figuram,
893 933 1007 971 quam
1027 919 1167 959 Graeci
1192 925 1332 958 vocant
1357 919 1593 973 ,,ἐναλλ,αγή“

174 996 259 1021 esse
298 988 419 1034 putat.
486 983 565 1022 Sed
604 984 718 1022 talem
764 998 978 1023 sermonem
1023 985 1216 1035 poeticum
1253 984 1365 1022 nimis
1411 983 1592 1022 audacem

174 1061 297 1099 neque
325 1048 593 1100 perferendum
623 1062 706 1088 esse
727 1049 904 1087 existimo
934 1049 1157 1101 „bipennem
1176 1050 1321 1088 incerta
1344 1049 1495 1088 ferens“
1522 1061 1592 1100 pro

172 1113 398 1164 „bipennem
427 1114 609 1152 incertam
644 1114 791 1152 cervice
818 1114 978 1152 ferens.“
1031 1114 1254 1152 Postulatur
1286 1114 1397 1160 enim,
1430 1119 1474 1151 ut
1500 1113 1593 1151 haec

173 1178 326 1229 poetica
352 1178 534 1229 loquendi
562 1178 687 1216 forma
714 1178 885 1217 adhiberi
912 1179 1052 1230 possit,
1089 1182 1132 1216 ut
1164 1177 1394 1217 adiectivum
1428 1177 1476 1216 ad
1505 1177 1594 1216 sub-

174 1243 395 1290 stantivum,
423 1257 589 1293 quocum
617 1244 859 1281 coniunctum
888 1248 957 1290 est,
985 1243 1222 1294 aliquatenus
1250 1243 1403 1294 quidem
1423 1242 1593 1293 quadret.

173 1306 243 1345 cfr.
263 1320 294 1345 e.
313 1321 349 1358 g.
368 1307 522 1346 Lucret.
544 1309 620 1346 119
649 1321 740 1359 „per
757 1312 917 1359 gentes
936 1307 1083 1346 Italas
1111 1307 1306 1345 hominum
1325 1312 1419 1345 etc.“
1447 1312 1485 1345 et
1503 1306 1593 1346 Val.

173 1371 231 1410 Fl.
259 1372 292 1420 I,
323 1374 412 1421 1093
448 1372 526 1411 tela
561 1387 658 1425 puer
684 1372 893 1424 facilesque
929 1373 1102 1411 umeris
1138 1371 1436 1424 gaudentibus
1473 1385 1594 1419 arcus,

172 1443 299 1487 gestat
325 1438 473 1488 Hylas“
502 1452 600 1489 quae
629 1438 706 1476 duo
735 1438 911 1488 exempla
937 1451 1051 1488 quam
1079 1437 1279 1475 dissimilia
1312 1438 1405 1484 sint,
1441 1437 1489 1474 de
1517 1450 1593 1487 quo

174 1501 236 1539 hic
264 1503 390 1553 agitur
425 1502 520 1550 loco,
560 1502 670 1541 facile
708 1507 768 1541 est
805 1502 1011 1541 intellectu.
1065 1501 1246 1540 Klotzius
1284 1502 1324 1540 in
1362 1501 1484 1540 lexico
1523 1514 1592 1539 suo

173 1567 309 1605 mirum
343 1569 382 1605 in
417 1567 573 1606 modum
602 1568 720 1606 verba
751 1568 918 1616 „incerta
946 1569 1117 1606 cervice“
1144 1569 1432 1618 interpretatur:
1489 1566 1593 1614 „Der

173 1632 271 1670 Hals
300 1645 360 1670 wo
389 1631 451 1670 die
481 1631 599 1670 Stelle
629 1632 698 1670 der
724 1631 879 1670 Wunde
907 1631 1013 1669 nicht
1039 1631 1252 1669 feststeht.“
1304 1631 1393 1669 Hoc
1422 1630 1515 1682 quid
1543 1630 1594 1668 sit

173 1696 328 1734 omnino
365 1696 526 1747 intelligi
554 1710 630 1734 non
659 1701 799 1748 potest.
855 1695 941 1747 Ego
969 1694 1179 1747 proponam
1215 1695 1326 1734 aliam
1365 1694 1593 1747 explanandi

171 1762 367 1800 rationem.
410 1761 479 1801 Ut=
496 1763 597 1800 enim
626 1761 687 1800 hic
717 1775 794 1800 vox
822 1761 1009 1809 „incerta“
1037 1761 1179 1800 securis
1208 1760 1449 1800 substantivo
1478 1774 1593 1799 sensu

171 1828 298 1866 activo
339 1827 516 1879 apposita
555 1828 744 1879 significat
781 1827 1003 1878 bipennem,
1042 1840 1138 1878 quae
1178 1826 1334 1865 vulnere
1373 1840 1447 1864 non
1489 1830 1592 1864 certo

171 1906 294 1943 neque
323 1892 426 1930 letali
456 1892 575 1931 afficit
603 1892 684 1942 (cfr.
704 1892 825 1942 Verg.
854 1892 952 1930 Aen.
971 1890 1026 1939 ΙΙ,
1047 1893 1125 1929 224
1134 1906 1145 1939 3
1173 1891 1247 1929 alia
1274 1890 1386 1930 huius
1416 1890 1591 1929 vocabuli

171 1958 382 2005 ,‚incertus“
411 1957 473 1995 vel
510 1961 684 2006 ‚,certus“
712 1956 998 2007 significationis
1028 1955 1202 2008 exempla
1229 1955 1346 1994 habes
1375 1956 1414 1993 in
1443 1954 1499 1994 Sil
1538 1955 1592 2003 V,

173 2024 263 2071 297,
292 2022 368 2061 Ov.
397 2022 555 2061 Metam.
585 2023 639 2070 V,
670 2024 758 2070 382,
787 2022 863 2061 Ov.
893 2035 941 2060 ex
968 2021 1095 2060 Ponto
1122 2021 1200 2069 IV,
1228 2023 1264 2069 4,
1295 2023 1369 2071 31.)
1402 2020 1505 2072 quod
1533 2026 1593 2059 est

171 2093 345 2126 nostrum
372 2087 478 2136 „Das
497 2088 595 2136 Beil,
622 2087 785 2126 welches
813 2086 919 2125 nicht
947 2086 1070 2125 sicher
1087 2085 1218 2135 trifft,“
1244 2086 1299 2124 ita
1317 2085 1451 2124 eodem
1478 2085 1591 2125 modo

171 2152 403 2191 adiectivum
443 2154 657 2200 ,‚incertus“
696 2152 810 2190 etiam
848 2152 1002 2203 passive
1043 2151 1224 2202 explicari
1262 2164 1376 2202 posse
1404 2156 1510 2202 put0‚
1548 2155 1592 2189 ut

170 2217 360 2256 indicetur
387 2217 551 2266 ‚,cervix,
590 2231 687 2269 quae
715 2230 791 2256 non
832 2221 937 2255 certo
977 2221 1091 2268 atque
1128 2215 1233 2255 letali
1269 2216 1426 2255 vulnere
1454 2215 1593 2255 affecta

171 2288 252 2322 est“
289 2283 524 2334 germanice:
578 2283 684 2331 „Der
721 2282 829 2321 nicht
868 2282 1013 2329 sicher,
1059 2281 1165 2319 nicht
1208 2281 1342 2320 ffiffich
1380 2280 1591 2333 getroffene

169 2348 208 2387 N
210 2348 364 2387 acken.“
400 2348 570 2387 Plurima
589 2352 717 2386 autem
736 2346 936 2395 adiectiva,
955 2360 1052 2398 quae
1070 2347 1223 2399 proprie
1243 2347 1408 2386 activam
1427 2346 1593 2385 habeant

170 2415 260 2461 vim,
289 2426 404 2465 saepe
433 2427 456 2451 a
482 2413 608 2465 poetis
637 2413 791 2464 passive
819 2411 913 2463 poni
940 2416 1073 2450 notum
1102 2416 1171 2450 est.
1226 2411 1475 2463 Quantopere
1495 2410 1590 2449 Silio

170 2479 244 2532 ipsi
272 2478 336 2518 hic
364 2491 457 2518 usus
475 2478 655 2527 arriserit,
674 2477 774 2517 clare
799 2481 958 2531 apparet
985 2490 1033 2516 ex
1053 2476 1312 2530 exemplorum
1340 2476 1449 2526 serie,
1477 2488 1591 2527 quam
