1747 2820
805 108 854 146 13

121 223 332 278 Rupertius
378 226 420 265 in.
455 224 678 277 appendicis
717 221 807 263 suae
846 237 931 276 pag.
962 226 1038 263 175
1080 224 1281 275 congessit.
1345 223 1535 275 Legamus

124 314 174 319 —
204 295 248 329 ut
287 290 469 330 nonnulla
503 289 658 331 afferam
687 314 738 340 ε-
766 289 806 328 in
843 288 909 329 Sil.
936 288 992 337 H,
1032 303 1068 329 v.
1099 290 1148 329 99
1185 289 1306 338 „ictus
1339 288 1535 327 incautus“

123 357 147 394 i.
177 369 217 394 e.-
237 356 300 407 qui
339 370 415 394 non
443 360 612 403 cavetur,
639 355 717 403 VI,
747 357 795 393 75
823 354 982 403 ‚,surda“
1010 368 1061 393 sc.
1088 354 1191 392 fama
1217 354 1241 391 i.
1270 368 1301 392 e.
1335 367 1432 404 quae
1459 367 1535 391 non

126 419 290 470 auditur,
330 421 458 459 multis
497 420 591 459 locis
629 424 811 469 ‚,caecus“
837 420 861 459 i.
889 433 921 458 e.
954 419 1019 471 qui
1057 432 1134 458 non
1171 418 1325 458 videtur
1351 418 1429 467 IV,
1457 420 1533 456 471

122 485 335 537 „belligeris
376 486 544 537 campis“
584 485 607 523 i.
649 498 681 523 e.
723 485 865 537 campis
881 514 890 528 .
942 485 981 523 in
1023 484 1160 535 quibus
1202 484 1342 538 bellum
1383 485 1536 534 geritur.

122 549 265 588 Fateor
291 549 456 601 quidem,
493 548 668 588 laudatos
706 549 810 588 locos
847 554 1007 602 excepto
1045 549 1257 600 „belligeris
1286 548 1454 600 campis“
1487 547 1535 585 ad

123 614 301 654 adiectivi
347 616 537 663 „incerta“
577 615 657 654 vim
700 615 894 666 passivam
935 614 1254 666 comprobandam
1301 627 1378 652 non
1424 613 1536 664 plane

123 678 319 731 quadrare,
361 693 446 718 cum
478 680 592 718 etiam
620 677 707 718 alibi
741 679 806 718 illa
837 679 1026 718 adiectiva
1057 679 1211 731 passive
1244 684 1396 730 sumpta
1428 679 1536 716 inve-

123 744 284 793 niantur,
318 744 387 783 sed
423 744 554 795 quidni
584 743 711 793 Silius,
749 750 791 782 ut
818 746 962 796 primus
990 744 1189 795 ,‚belliger“
1220 746 1418 795 (nusquam
1446 743 1535 781 alibi
1573 735 1575 737 ¹

122 809 324 861 ‚‚belliger“
351 810 506 862 passiva
531 810 686 848 notione
714 809 929 862 praeditum
956 809 1048 847 mihi
1078 809 1251 859 occurrit)
1288 809 1441 860 passive
1469 807 1537 846 ad-

123 874 257 923 hibuit,
293 875 348 913 ita
380 875 419 912 in
448 874 638 914 adiectivo
673 876 872 923 „incerta“,
911 874 1015 926 quod
1042 874 1157 925 vulgo
1185 875 1378 925 passivam
1414 874 1537 912 notio-

122 952 209 977 nem
246 939 371 987 habet,
410 940 524 978 etiam
550 940 591 977 in
618 939 689 977 hac
717 939 919 979 verborum
948 939 1190 977 cohaerentia
1218 938 1351 977 eadem
1388 938 1538 990 poetica

123 1003 297 1042 libertate
325 1017 417 1042 usus
446 1005 520 1042 sit?
565 1004 693 1051 Quam
729 1004 1081 1055 interpretationem
1110 1004 1142 1041 si
1179 1003 1360 1054 sequeris,
1388 1004 1538 1041 coniec-

123 1073 209 1107 tura
245 1082 320 1108 van
351 1068 494 1110 Veenii
532 1083 609 1108 una
645 1069 772 1108 littera
809 1068 941 1107 addita
981 1069 1208 1117 „incertam“
1250 1082 1300 1107 sc.
1332 1068 1537 1120 bipennem

124 1133 335 1182 scribentis,
374 1133 478 1184 quod
505 1134 597 1172 mihi
625 1147 777 1185 quoque
815 1134 937 1185 primo
977 1134 1016 1171 in
1044 1138 1210 1171 mentem
1246 1134 1363 1180 venit,
1406 1146 1538 1184 super-

124 1211 292 1237 vacanea
319 1203 388 1237 est.

631 1340 743 1389 Lib.
778 1340 834 1400 V,
870 1353 917 1389 v.
953 1340 1034 1390 96.

254 1456 440 1496 Codicum
454 1458 677 1509 scripturam
690 1458 811 1497 secuti
824 1457 989 1496 editores
1007 1458 1108 1496 hunc
1118 1458 1243 1496 locum
1261 1459 1315 1496 ita
1331 1458 1535 1510 praebent:

350 1553 372 1572 „
374 1553 569 1562 ......
598 1528 637 1562 et
663 1524 769 1562 tenui
797 1528 900 1562 stant
926 1524 1076 1563 tramite
1104 1523 1267 1562 fauces.“
1534 1569 1537 1572 Ι

255 1588 446 1627 Corvinus
489 1588 642 1639 quidam
669 1588 899 1626 Flaminium
940 1589 1136 1626 consulem
1177 1589 1293 1626 nimia
1332 1588 1537 1626 dimicandi

124 1652 333 1704 cupiditate
372 1652 568 1690 ardentem
607 1666 630 1690 a
668 1652 827 1691 consilio
855 1652 1083 1690 Hannibalis
1122 1652 1369 1703 aggrediendi
1408 1666 1536 1690 arcere

124 1716 265 1766 studet,
293 1716 538 1756 difficultates
567 1730 801 1766 enumerans,
835 1730 931 1769 quae
959 1717 1129 1756 obstant:
1169 1717 1311 1766 hostes,
1339 1730 1538 1756 nemorosa

123 1783 221 1834 iuga,
250 1787 469 1835 stagnantes
497 1782 632 1832 undae,
665 1782 808 1822 fauces.
862 1782 947 1821 Has
976 1782 1166 1822 Corvinus
1196 1783 1263 1831 eis,
1297 1796 1394 1834 quae
1423 1796 1537 1835 supra

123 1848 246 1897 attuli,
275 1848 403 1887 verbis
431 1853 710 1887 commemorat.
752 1848 996 1889 Vocabulum
1023 1852 1170 1896 ,‚stant“
1197 1848 1271 1887 hoc
1298 1848 1382 1886 loco
1401 1853 1536 1900 poetae

122 1926 237 1951 manu
256 1913 439 1964 scriptum
470 1926 565 1962 esse,
594 1913 660 1952 vix
688 1913 814 1965 putari
832 1918 971 1965 potest.
1010 1913 1104 1953 Vox
1131 1917 1277 1961 „stare“
1296 1926 1364 1951 suo
1383 1912 1537 1964 quidem

123 1978 204 2017 iure
232 1977 407 2031 usurpari
435 1983 565 2030 potest
592 1977 640 2017 de
668 1978 861 2018 montibus
890 1978 971 2029 (cfr.
998 1977 1031 2027 I,
1061 1979 1155 2017 546:
1193 1977 1363 2027 „clausae
1392 1982 1538 2017 starent

122 2044 294 2096 Alpes“),
323 2044 392 2082 sed
420 2043 611 2096 quomodo
638 2044 766 2082 fauces
794 2048 942 2092 „stare“
968 2045 992 2082 i.
1021 2057 1052 2082 e.
1081 2044 1244 2082 eminere
1272 2043 1432 2095 possint,
1460 2057 1536 2081 non

123 2108 303 2160 intelligo.
358 2108 435 2147 Pro
469 2113 617 2158 ‚,stare“
656 2109 938 2161 exspectaveris
977 2108 1122 2160 potius,
1162 2107 1265 2160 quod
1306 2109 1537 2147 contrarium

124 2179 193 2222 est,
230 2175 400 2222 „iacere“
437 2178 504 2212 aut
541 2173 733 2222 „sedere.“
785 2173 896 2212 Haec
933 2174 1033 2211 enim
1068 2173 1187 2212 verba
1214 2172 1261 2211 de
1289 2174 1414 2225 planis
1442 2173 1536 2212 locis

124 2244 163 2278 et
190 2239 364 2288 vallibus,
406 2239 544 2291 quibus
572 2239 704 2279 fauces
733 2238 1036 2279 adnumerandae
1064 2243 1163 2287 sunt,
1205 2237 1280 2277 dici
1306 2239 1441 2288 solent,
1469 2239 1537 2278 cfr.

124 2304 241 2344 Ovid.
260 2304 348 2343 fast.
367 2304 422 2353 II,
443 2306 536 2344 392:
566 2318 759 2357 „quaeque
784 2305 918 2353 iacent,
945 2304 1074 2352 valles,
1102 2304 1266 2343 maxima
1285 2303 1397 2343 Circe
1417 2309 1538 2343 tuae.“

252 2370 384 2418 Porro,
419 2384 467 2408 ne
503 2374 651 2419 ‚,stant“
676 2370 879 2421 genuinam
907 2383 991 2409 esse
1026 2369 1228 2408 lectionem
1265 2370 1537 2419 existimemus,

124 2434 238 2474 etiam
266 2448 312 2474 ea
338 2434 584 2474 admonemur
610 2449 663 2484 re,
690 2434 795 2488 quod
822 2434 1027 2475 ablativus:
1056 2436 1185 2484 „tenui
1213 2464 1222 2474 .
1251 2465 1259 2474 .
1290 2465 1299 2474 .
1328 2465 1336 2475 .
1365 2436 1538 2476 tramite“
