1747 2820
854 121 905 159 23

552 315 661 363 Lib.
695 316 780 374 VI,
815 328 896 363 vv.
929 315 1212 363 400—402.

303 435 426 481 Nave,
464 447 539 484 qua
565 434 942 484 Karthaginiensium
979 433 1094 483 legati
1130 446 1216 470 cum
1243 433 1392 483 Regulo
1420 433 1582 470 Romam

176 499 419 549 vehebantur,
457 498 507 539 ad
534 497 666 539 urbem
693 497 861 552 appulsa,
898 497 1082 551 Regulus,
1119 502 1321 552 postquam
1354 497 1393 537 in
1421 497 1580 551 patriam

174 567 293 616 ripam
321 578 495 615 egressus
524 570 593 611 est,
1307 573 1309 575 ’

429 660 439 679 ,
440 659 598 678 .....
626 629 800 682 cingente
828 627 991 682 superba

429 696 643 733 Poenorum
671 695 792 743 turba,
820 695 1047 746 captivoque
1075 694 1223 745 agmine
1251 699 1405 745 saeptus

428 759 517 798 Ibat
544 763 583 797 et
609 758 792 797 invidiam
819 759 925 797 coelo
953 758 1129 810 divisque
1155 758 1335 797 ferebat.“

301 823 504 871 Quomodo
533 824 648 862 verba
686 824 933 875 „captivoque
969 823 1117 874 agmine
1146 827 1323 874 saeptus“
1360 823 1581 874 accipienda

173 890 259 938 sint,
300 889 382 928 luce
419 889 555 928 clarius
591 893 666 937 est3
708 888 895 940 intelligas
932 888 1031 927 enim
1068 901 1224 927 necesse
1264 892 1414 940 praeter
1449 887 1579 940 Regu-

172 955 249 993 lum
287 956 409 1006 primo
452 955 550 994 bello
590 954 736 992 Punico
772 954 811 992 in
844 953 980 992 Africa
1020 968 1043 992 a
1077 953 1462 1005 Karthaginiensibus
1491 968 1579 1005 cap·

172 1024 232 1058 tos
266 1019 474 1067 Romanos,
513 1018 561 1057 de
594 1018 731 1069 quibus
769 1018 1044 1056 commutandis
1083 1018 1221 1069 legatio
1261 1018 1325 1056 illa
1362 1018 1579 1057 Poenorum

171 1085 332 1124 Romam
371 1086 486 1123 missa
524 1089 593 1123 est.
647 1083 734 1122 Hos
773 1088 900 1122 autem
937 1083 1111 1135 captivos
1151 1084 1279 1122 statim
1316 1097 1402 1121 cum
1443 1083 1578 1134 legatis

170 1149 393 1200 Reguloque
432 1149 479 1187 iis
518 1148 697 1187 adiuncto
724 1148 887 1187 Romam
925 1147 1117 1199 profectos
1156 1161 1251 1195 esse,
1289 1148 1414 1187 nullus
1452 1162 1578 1187 rerum

171 1214 333 1266 scriptor
359 1213 526 1261 tradidit,
563 1213 631 1252 sed
659 1227 789 1251 omnes
826 1213 1107 1252 consentientes
1146 1213 1240 1251 nihil
1276 1213 1378 1252 aliud
1414 1219 1578 1262 narrant,

170 1279 243 1317 nisi
271 1278 612 1330 Karthaginienses
650 1278 795 1330 legatos
831 1278 993 1316 Romam
1028 1278 1200 1326 misisse,
1239 1283 1282 1316 ut
1316 1277 1365 1316 de
1401 1292 1495 1330 pace
1522 1279 1578 1317 fa-

170 1344 304 1384 cienda
332 1349 371 1383 et
398 1345 431 1383 si
458 1344 551 1383 haec
578 1344 796 1383 reiiceretur
822 1343 870 1382 de
899 1343 1175 1382 commutandis
1213 1343 1375 1396 captivis
1413 1350 1579 1395 agerent,

170 1415 209 1448 et
236 1410 323 1448 huic
350 1410 541 1461 legationi,
568 1423 616 1448 ne
645 1409 751 1447 irrita
778 1414 890 1457 esset,
917 1409 1105 1460 Regulum
1134 1408 1339 1448 addidisse.
1394 1409 1436 1448 Si
1463 1410 1579 1461 igitur

169 1474 284 1512 Silius
313 1474 478 1525 reliquos
506 1474 700 1512 Romanos
729 1474 903 1525 captivos
932 1474 1042 1512 simul
1076 1487 1162 1512 cum
1189 1474 1324 1525 legatis
1353 1474 1577 1526 Reguloque

168 1539 256 1577 navi
283 1539 444 1577 Romam
473 1539 655 1577 vehentes
683 1538 787 1586 facit,
822 1544 975 1590 poetam
1010 1538 1125 1577 fidem
1152 1538 1331 1577 historiae
1360 1553 1435 1577 non
1463 1540 1576 1578 nimis

168 1617 301 1642 severe
340 1603 565 1642 observasse
604 1602 836 1642 censendum
875 1608 943 1642 est.
999 1603 1089 1650 Qua
1128 1603 1167 1641 in
1206 1616 1324 1655 parva
1351 1605 1576 1643 narrationis

168 1667 253 1706 Silii
294 1673 333 1706 et
373 1682 499 1706 rerum
542 1668 765 1719 scriptorum
807 1668 1061 1719 discrepantia
1101 1668 1332 1706 haerendum
1374 1682 1451 1707 non
1492 1683 1576 1708 esse

167 1732 359 1784 verbaque
387 1732 636 1784 „captivoque
665 1733 836 1783 agmine“
864 1745 932 1771 suo
960 1733 1041 1771 iure
1077 1746 1100 1770 a
1131 1737 1245 1784 poeta
1272 1738 1454 1784 usurpata
1482 1747 1576 1781 esse,

166 1798 354 1849 quispiam
390 1797 625 1836 iudicaverit.
689 1793 769 1836 Sed
803 1811 896 1837 cave
932 1797 1059 1836 fallas!
1116 1797 1302 1848 Quisquis
1338 1798 1574 1848 aliquatenus

166 1861 367 1912 diligenter
410 1866 530 1899 totam
575 1862 826 1900 narrationem
871 1861 919 1899 de
964 1862 1152 1912 legatione
1196 1861 1573 1911 Karthaginiensium

166 1926 262 1966 libro
291 1931 400 1966 sexto
428 1927 607 1965 insertam
635 1926 847 1979 perlegerit,
876 1928 913 1965 in
943 1926 1155 1979 complures
1183 1926 1287 1965 locos
1315 1926 1468 1975 incidet,
1507 1928 1573 1979 qui

165 1992 318 2029 lectioni
347 1991 521 2029 codicum
561 1993 810 2042 „captivoque
849 1992 998 2042 agmine
1038 1996 1214 2042 saeptus“
1252 2005 1407 2042 prorsus
1436 2005 1574 2043 repug-

165 2061 267 2104 nant,
295 2069 379 2094 cum
409 2056 581 2094 omnibus
619 2055 679 2093 his
715 2055 809 2094 locis
846 2055 894 2093 de
930 2055 1079 2106 Regulo
1113 2056 1194 2093 solo
1227 2055 1460 2104 redimendo,
1496 2070 1573 2095 non

165 2120 213 2159 de
254 2121 409 2172 reliquis
451 2120 612 2172 captivis
654 2120 930 2159 commutandis
967 2134 1091 2159 sermo
1133 2121 1193 2159 sit.
1254 2121 1418 2160 Accedit
1459 2122 1574 2173 quod,

164 2200 390 2237 quamquam
432 2199 545 2237 saepe
573 2186 612 2224 in
641 2185 797 2236 copiosa
834 2186 1047 2223 narratione
1087 2191 1176 2236 apta
1215 2186 1363 2224 occasio
1405 2186 1575 2236 offertur,

163 2250 393 2301 reliquorum
434 2251 671 2302 captivorum
711 2263 896 2300 nusquam
936 2250 1079 2287 mentio
1120 2250 1181 2297 fit,
1222 2255 1373 2301 praeter
1410 2251 1575 2300 Marum,

163 2315 389 2366 armigerum
416 2315 565 2367 Reguli,
606 2329 719 2367 quem
758 2328 827 2353 sua
866 2319 1001 2367 sponte
1029 2313 1224 2353 dominum
1263 2329 1375 2354 suum
1403 2322 1575 2356 secutum

163 2393 247 2419 esse
275 2394 339 2421 vv.
361 2383 508 2434 372s73
537 2381 616 2432 (cfr.
645 2393 794 2433 quoque
821 2394 858 2419 v.
881 2381 971 2432 129)
998 2379 1096 2419 clare
1124 2380 1291 2420 indicare
1319 2381 1411 2420 mihi
1441 2381 1575 2422 viden-

162 2450 233 2485 tur.
287 2446 372 2486 Iam
412 2447 623 2486 accuratius
664 2447 907 2501 inspiciamus
948 2446 1018 2486 hos
1059 2447 1175 2497 locos,
1216 2461 1311 2500 quos
1341 2448 1484 2497 verbis,
1525 2448 1574 2491 de
