1747 2820
872 136 894 173 6

171 267 275 292 mum
311 251 465 304 quidem
502 266 588 291 cum
615 252 881 292 Rossbachio¹
920 253 1126 300 consentio,
1161 253 1353 291 Bauerum
1388 252 1428 291 in
1465 252 1593 291 studio

170 317 517 369 manuscriptorum
543 317 719 355 lectionis
747 317 968 356 retinendae
993 317 1150 355 nimium
1176 316 1296 355 fuisse
1324 311 1513 369 saepeque
1540 316 1594 356 le-

170 382 351 421 nissimae
386 387 500 434 atque
533 381 861 434 probabilissimae
889 383 1130 422 coniecturae
1164 382 1337 421 codicum
1370 383 1594 434 scripturam

171 448 254 485 sine
282 447 400 485 dubio
428 446 675 498 depravatam
702 447 938 498 praetulisse.
974 448 1039 486 cfr.
1067 447 1281 499 exemplum
1308 460 1331 485 a
1357 446 1609 485 Rossbachio.

169 512 194 551 l.
222 511 246 551 l.
274 511 516 561 adnotatum,
551 511 575 550 l.
603 510 709 560 VH,
739 512 814 550 207
852 512 912 560 „it
944 513 1065 551 monti
1099 511 1249 561 decus,“
1285 511 1388 565 quod
1421 512 1593 551 Bauerus

172 578 383 630 rescripsit,
411 591 639 629 quamquam
667 582 771 616 certe
798 576 867 626 „id
894 578 1014 616 monti
1042 578 1182 617 decus“
1208 578 1311 630 quod
1338 579 1412 616 iam
1436 577 1594 616 Modius

172 638 337 682 coniecit
364 647 404 681 et
430 643 470 680 in
496 642 672 681 omnibus
699 642 855 694 reliquis
875 641 1107 682 editionibus
1136 647 1270 691 exstat,
1296 642 1498 694 legendum
1526 647 1595 681 est.

171 708 233 746 Eo
260 708 382 758 magis
409 707 642 746 mutationes
672 706 858 759 quaedam
891 707 1109 759 probabiles
1144 713 1255 746 antea
1282 709 1320 745 in
1350 707 1435 747 Silii
1462 708 1596 745 carmi—

171 772 284 811 nibus
312 772 435 811 factae
453 771 606 812 Bauero
637 771 879 824 recipiendae
899 776 1018 819 erant,
1041 772 1144 824 quod
1171 772 1362 811 interdum
1390 785 1467 811 non
1486 771 1595 811 dubi—

171 827 281 887 tavit,
310 850 399 876 suas
417 837 538 889 ipsius
567 837 804 876 coniecturas
824 836 938 875 etiam
957 841 1037 875 tum
1057 838 1095 875 in
1116 837 1319 876 verborum
1339 851 1524 875 conexum
1538 837 1595 875 in-

171 890 284 950 ferre,
303 902 336 940 si
355 906 421 940 aut
435 914 738 954 supervacaneae
758 906 848 940 sunt
866 905 932 939 aut
951 901 1047 940 alter
1066 901 1279 953 corrigendi
1297 906 1455 940 conatus
1475 902 1594 940 multo

172 970 357 1018 praestat,
393 979 425 1005 e.
458 979 493 1017 g.
526 966 700 1004 Bauerus
741 966 781 1004 in
817 966 841 1004 l.
870 965 959 1006 VII
994 980 1030 1004 v.
1066 967 1142 1004 516
1186 966 1338 1018 scripsit
1377 967 1595 1017 ,‚geminis“,

172 1044 400 1082 quamquam
427 1030 625 1082 ‚,penitus“
652 1030 758 1069 libris
786 1030 832 1068 L.
852 1030 901 1069 O.
928 1030 983 1071 V.
1010 1030 1203 1079 traditum,
1230 1036 1273 1069 ut
1299 1030 1412 1069 Thilo
1440 1030 1595 1069 demon-

173 1096 320 1144 stravit,
349 1094 491 1148 optime
515 1094 686 1149 quadrat.
734 1095 833 1135 Cum
860 1095 977 1148 igitur
1003 1109 1052 1135 ne
1080 1095 1150 1135 hac
1169 1095 1323 1148 quidem
1351 1095 1518 1136 editione
1546 1096 1594 1136 ab

172 1161 276 1200 omni
303 1166 412 1213 parte
436 1162 580 1201 intacta
606 1166 720 1212 atque
748 1163 895 1213 integra
914 1160 998 1200 Silii
1018 1162 1135 1200 verba
1161 1161 1310 1204 reddita
1340 1162 1426 1209 sint,
1455 1162 1568 1200 Thilo

171 1226 246 1263 iam
280 1225 395 1277 paulo
428 1230 518 1277 post
546 1226 672 1277 operis
701 1225 776 1264 vol.
804 1225 828 1263 I
856 1224 1001 1264 editum
1035 1225 1222 1265 adductus
1251 1230 1327 1274 est,
1361 1230 1405 1264 ut
1432 1230 1472 1264 et
1498 1240 1593 1265 non-

171 1290 297 1329 nullos
316 1290 457 1329 Baueri
477 1289 705 1329 emendandi
724 1295 882 1330 conatus
900 1290 1081 1343 gravibus
1100 1291 1224 1330 causis
1252 1291 1358 1330 nisus
1386 1296 1593 1344 respueret,

173 1361 212 1394 et
239 1355 370 1394 multis
398 1355 504 1403 locis,
531 1356 598 1394 ubi
624 1355 670 1394 B.
689 1356 873 1394 librorum
899 1356 1102 1394 lectionem
1131 1356 1310 1403 servavit,
1338 1348 1593 1394 coniecturam

172 1421 248 1458 iam
275 1420 324 1458 ab
352 1419 436 1458 aliis
469 1420 655 1472 prolatam
683 1420 810 1461 novis⁴
828 1421 1060 1471 argumentis
1093 1420 1262 1468 fulciret,
1296 1425 1335 1458 et
1361 1421 1456 1459 alios
1488 1420 1592 1459 locos

172 1488 372 1538 suspectos
392 1483 590 1537 detegeret
617 1484 804 1537 simulque
833 1490 994 1524 sanaret.
1031 1485 1150 1524 Haud
1177 1487 1260 1537 pari
1287 1485 1472 1525 felicitate
1500 1500 1592 1525 usus

171 1564 247 1589 van
274 1549 451 1590 Veenius
514 1550 554 1588 in
583 1549 677 1589 Silio
711 1555 831 1588 artem
864 1550 1033 1588 criticam
1061 1551 1276 1589 exercuisse
1310 1550 1403 1588 mihi
1430 1550 1593 1599 videtur,

170 1616 210 1654 in
248 1614 367 1654 libros
403 1614 601 1656 I—VIH
634 1615 934 1654 coniecturarum
970 1614 1251 1654 multitudinem
1289 1614 1455 1664 edendo,
1494 1617 1594 1654 inter

171 1694 266 1731 quas
286 1680 489 1718 nonnullae
511 1680 729 1731 probabiles
749 1679 914 1731 quidem,
941 1680 1124 1731 plurimae
1144 1685 1270 1718 autem
1289 1693 1591 1731 supervacaneae

170 1749 237 1783 aut
263 1744 376 1782 nimis
408 1743 597 1783 violentae
626 1749 725 1783 sunt.
772 1744 1016 1783 Postremum
1044 1743 1284 1783 Rossbachio
1312 1744 1470 1796 aliisque
1499 1744 1591 1784 viris

170 1808 294 1847 doctis
322 1809 523 1848 nonnullas
550 1809 705 1847 minime
734 1808 991 1861 aspernandas
1020 1809 1255 1847 coniecturas
1276 1808 1469 1848 debemus.
1512 1809 1590 1848 Sed

170 1874 346 1925 quamvis
371 1886 503 1912 omnes
531 1873 571 1911 hi
590 1873 664 1913 viri
692 1873 796 1912 docti
822 1873 870 1912 de
899 1872 1137 1913 emendando
1165 1873 1477 1926 restituendoque
1496 1873 1591 1913 Silio

169 1944 284 1991 poeta
311 1938 409 1977 bene
437 1939 563 1977 meriti
592 1939 684 1987 sint,
712 1944 839 1977 tamen
868 1939 961 1978 satis
990 1939 1131 1977 multos
1158 1939 1264 1977 locos
1293 1939 1334 1977 in
1361 1939 1591 1978 Punicorum

169 2004 335 2042 carmine
362 2003 531 2055 reperiri,
559 2003 625 2054 qui
653 2002 777 2041 adhuc
805 2016 897 2042 vera
923 2002 1114 2041 medicina
1141 2007 1292 2054 egeant,
1329 2008 1396 2041 aut
1422 2002 1588 2041 nondum

168 2073 272 2107 recte
292 2067 472 2120 explicati
491 2068 578 2116 sint,
606 2068 820 2120 quicunque
839 2081 958 2107 unum
985 2068 1171 2120 poematis
1198 2068 1335 2106 librum
1354 2067 1587 2120 aliquatenus

169 2133 371 2185 diligenter
388 2133 604 2185 perlegerit,
622 2147 770 2172 mecum
790 2134 1012 2172 consentiet.
1058 2133 1188 2180 Quare
1207 2133 1280 2171 hoc
1299 2133 1428 2172 libello
1447 2133 1589 2184 aliquot

299 2307 309 2324 ¹
334 2306 503 2338 Deutsche
527 2306 854 2346 Litteraturzeitung.
903 2307 993 2337 1890.
1040 2316 1071 2346 p.
1098 2307 1179 2337 1869
1202 2316 1271 2347 sqq.

298 2360 310 2377 ²
334 2359 543 2391 Fleckeisens
565 2359 776 2391 Jahrbiicher
801 2360 880 2391 1891
907 2370 937 2400 p.
963 2359 1142 2390 613-624,

298 2413 310 2431 ³
332 2424 397 2445 van
408 2413 568 2453 Veenius‚
585 2413 732 2445 Notulae
749 2413 881 2445 criticae
900 2413 942 2444 ad
962 2412 1081 2444 Silium
1100 2412 1256 2444 Italicum
1274 2413 1308 2443 in
1330 2413 1586 2453 „Mnemosyne“

166 2467 266 2507 XVI,
283 2478 315 2510 p.
333 2468 395 2499 292
412 2467 532 2507 XVII,
555 2478 586 2509 p.
604 2467 666 2499 368
687 2477 776 2509 seqq.
798 2466 938 2506 XVIII,
962 2477 993 2509 p.
1013 2466 1194 2506 300—306,
1215 2477 1246 2509 p.
1265 2466 1443 2499 191—199.
