1747 2820
848 112 896 150 37

165 229 296 276 Quare
337 229 481 281 potius>
501 229 658 281 legerim
697 242 866 280 „genus
877 232 1006 280 que“,
1047 227 1150 280 quod
1191 232 1343 279 poetam
1380 226 1577 278 scripsisse

164 294 478 333 verisimillimum
517 307 601 333 esse
639 293 732 333 mihi
769 293 923 333 videtur
960 293 1097 332 collato
1136 307 1172 332 v.
1203 294 1278 332 502
1317 291 1429 341 „huic
1452 295 1512 330 est
1539 295 1579 330 et

163 372 284 410 genus
325 364 364 398 et
403 359 504 397 clara
543 358 825 398 memorandum
869 359 1014 410 virgine
1055 362 1227 406 nomen‚“
1271 357 1409 409 quibus
1450 356 1577 395 verbis

164 422 280 462 breve
307 436 531 476 responsum
549 423 777 462 Hannibalis
801 423 1069 474 interrogantis
1093 423 1317 461 continetur.
1377 420 1579 462 Vocabula

162 493 345 536 „nomen“
363 494 402 528 et
427 492 591 540 „genus“
609 490 727 528 etiam
744 488 834 528 alibi
852 488 960 527 iuxta
982 489 1107 541 posita
1125 492 1223 527 sunt.
1264 487 1330 526 cfi.
1344 486 1465 537 Verg.
1478 485 1577 525 Aen.

163 552 261 603 XII,
281 555 370 593 225.

292 683 519 736 Priusquam
547 684 876 724 observationibus
912 685 1007 724 meis
1040 684 1152 722 finem
1187 683 1336 731 faciam,
1363 696 1412 721 ex
1439 694 1576 733 magno

164 762 320 787 numero
339 750 637 787 coniecturarum
657 754 771 800 atque
790 749 1095 788 emendationum
1113 748 1163 787 ad
1189 748 1306 787 libros
1321 747 1462 788 V—X
1488 760 1577 798 pro-

164 813 323 852 latarum
351 827 414 853 eas
444 827 662 853 enumerare
689 813 782 852 mihi
807 813 930 863 liceat,
971 827 1067 866 quae
1095 817 1244 866 praeter
1270 810 1486 863 corrigendi
1513 824 1577 849 co-

163 884 286 928 natus,
314 894 408 932 quos
436 881 511 919 iam
538 880 579 918 in
606 880 923 920 commentatione
951 879 1036 932 ipsa
1062 877 1355 918 commemoravi
1382 882 1422 917 et
1453 876 1576 925 novis,

164 949 206 981 ut
244 957 332 995 spes
371 958 432 983 me
471 949 594 992 tenet,
632 945 864 995 argumentis
902 944 1015 993 fulsi,
1053 945 1215 982 maxime
1256 941 1576 981 commendandae

164 1022 248 1047 esse
275 1008 368 1047 mihi
395 1008 583 1048 videntur.
614 1008 737 1048 ·Sunt
762 1008 850 1048 hae:

290 1074 314 1112 l.
333 1073 387 1114 V.
417 1075 510 1112 102:
540 1075 674 1113 timore
702 1073 947 1126 (Rupertius).
1005 1076 1098 1113 192:
1128 1074 1249 1112 exiret
1276 1075 1364 1122 (van
1387 1072 1575 1121 Veenius)

162 1137 228 1176 ofin
247 1137 367 1189 Verg.
387 1137 527 1189 Georg.
545 1137 623 1187 IV,
643 1139 705 1177 67.
726 1140 820 1178 220:
848 1138 1001 1177 furvam
1029 1138 1238 1188 (Bentleius
1261 1142 1301 1176 et
1319 1136 1576 1186 Schraderus).

163 1204 260 1241 238:
289 1204 503 1255 geminique
532 1216 689 1242 corusca
716 1203 955 1253 (Lefeburius
983 1203 1089 1256 prob.
1118 1216 1192 1241 van
1210 1202 1377 1252 Veenio)
1405 1200 1508 1253 quod
1537 1205 1576 1239 et

163 1280 233 1317 ego
262 1268 505 1306 conieceram.
561 1270 655 1306 284:
683 1268 792 1320 lepus
821 1269 912 1307 orbe
940 1270 1057 1307 citato
1085 1268 1301 1318 (Barthius).
1347 1269 1445 1306 250:
1475 1280 1575 1304 cam-

160 1332 220 1384 pis
249 1346 318 1384 pro
346 1332 471 1384 regnis
500 1332 760 1385 (Dryanderus
789 1337 828 1372 et
854 1333 992 1384 Thilo).
1022 1334 1116 1373 573:
1144 1333 1296 1385 aspexit
1322 1331 1575 1381 (Burmannus

160 1397 266 1447 prob.
296 1411 370 1435 van
394 1397 571 1447 Veenio).
628 1399 722 1436 624:
752 1398 923 1437 fontibus
952 1398 1151 1447 (Heinsius
1179 1403 1219 1436 et
1246 1397 1503 1447 Schraderus).

288 1461 311 1500 l.
339 1462 416 1510 VI,
445 1462 521 1503 360
542 1466 627 1501 etc.:
657 1475 783 1502 serum
801 1462 1027 1514 (Ernestius)
1046 1461 1149 1514 quod
1168 1467 1207 1501 et
1223 1462 1316 1500 mihi
1343 1462 1383 1500 in
1409 1465 1576 1500 mentem

161 1526 277 1565 venit.
335 1529 429 1566 363:
460 1532 503 1565 ut
528 1527 713 1579 plaudant
740 1530 803 1577 (sc.
831 1528 937 1578 remi)
966 1527 1079 1579 (Rup.
1108 1532 1156 1565 et.
1184 1541 1260 1566 van
1288 1527 1487 1576 Veenius).

287 1591 311 1631 l.
330 1591 430 1641 VH,
451 1593 517 1632 18:
546 1596 647 1631 tecta
670 1605 740 1644 pro
758 1605 875 1644 regna
895 1591 1093 1642 (Heinsius
1121 1591 1228 1644 prob.
1246 1591 1575 1639 Drakenborchio,

159 1655 376 1705 Lefeburio,
403 1657 606 1707 Ernestio).
663 1660 732 1696 33:
760 1657 839 1695 Hic
866 1657 1004 1696 ardens
1039 1657 1142 1696 exire
1181 1657 1290 1695 malis
1327 1661 1366 1695 et
1400 1670 1575 1709 rumpere

163 1721 279 1759 vitam
306 1721 456 1772 (Thilo).
499 1721 562 1761 De
580 1721 651 1760 hac
669 1722 777 1760 verbi
797 1720 962 1761 exeundi
985 1721 1256 1774 significatione
1285 1721 1353 1760 cfr.
1380 1721 1456 1769 XI,
1487 1723 1575 1769 188,

162 1784 281 1836 Verg.
308 1785 391 1824 Ecl.
419 1786 452 1833 I,
480 1788 549 1824 41:
590 1786 748 1825 servitio
777 1786 880 1824 exire
914 1787 938 1824 i.
967 1800 998 1825 e.
1026 1786 1188 1825 liberari.
1245 1788 1337 1825 139:
1373 1787 1516 1837 passim
1543 1787 1575 1824 it

160 1849 337 1901 Bothius)
355 1850 458 1902 quod
484 1851 663 1903 probavit
682 1864 757 1890 van
775 1850 952 1892 Veenius
981 1850 1048 1890 cfr.
1067 1851 1188 1902 Verg.
1216 1851 1314 1890 Aen.
1333 1850 1455 1899 VIII,
1486 1852 1572 1889 726.

162 1917 256 1954 209:
291 1915 333 1954 id
350 1916 471 1954 monti
489 1915 606 1955 decus
626 1915 821 1968 (Modius).
868 1917 962 1956 269:
998 1930 1111 1968 aegro
1138 1916 1347 1967 (Heinsius)
1375 1915 1478 1968 quod
1506 1916 1573 1955 de-

159 1980 282 2018 fendit
300 1980 423 2019 Thilo.
462 1982 558 2030 435:
588 1980 770 2020 evolvens
789 1981 1010 2030 (Heinsius),
1038 1981 1140 2032 quod
1160 1995 1234 2020 van
1248 1981 1423 2022 Veenius
1447 1982 1573 2031 (Mne-

159 2057 317 2097 mosyne
358 2044 482 2094 XIX,
522 2058 558 2097 p.
588 2046 678 2095 199)
718 2044 847 2083 multis
888 2045 1072 2098 exemplis
1114 2045 1287 2083 illustrat.
1348 2047 1442 2084 459:
1484 2060 1572 2085 nam

160 2110 358 2160 (Blassius)
379 2112 472 2149 724:
501 2109 608 2149 tarde
635 2124 705 2162 pro
733 2109 888 2149 tandem
907 2110 1096 2161 (Bothius)
1115 2110 1181 2149 cfr.
1201 2110 1277 2150 Ov.
1296 2110 1392 2150 Met.
1411 2111 1490 2161 IV,
1511 2114 1572 2151 91.

160 2174 244 2213 Cat.
273 2176 336 2223 64,
365 2176 453 2213 272.

287 2239 311 2277 l.
330 2239 452 2287 VIII,
473 2241 540 2278 51:
571 2252 659 2291 spes
685 2239 869 2291 abruptae
876 2254 886 2286 ;
914 2239 1050 2279 mediis
1078 2240 1335 2291 penetralibus
1361 2241 1572 2292 (Heinsius)

87 2320 90 2323 ·
160 2302 262 2355 quod
303 2308 432 2342 tuetur
471 2317 546 2343 van
574 2303 748 2344 Veenius
790 2303 937 2342 collatis
978 2303 1099 2355 Verg.
1132 2304 1230 2343 Aen.
1257 2304 1336 2354 IV,
1363 2307 1455 2354 494,
1485 2308 1573 2355 504,

162 2362 260 2418 645,
278 2369 415 2421 quibus
445 2369 627 2422 exemplis
656 2368 754 2418 adde
782 2369 902 2421 Verg.
930 2369 1028 2408 Aen.
1055 2368 1111 2418 II,
1141 2371 1228 2409 512.

290 2435 357 2473 60:
386 2434 571 2485 ingemuit
597 2434 807 2486 (Heinsius)
835 2433 938 2486 quod
966 2447 1036 2486 ego
1064 2448 1215 2487 quoque
1243 2437 1466 2476 coniectavi.
