1747 2820
833 148 883 186 10

148 263 262 303 vius¹
291 278 441 316 quoque
462 269 501 303 et
517 263 636 304 Silius
665 264 748 317 ipse
776 264 1034 318 compluribus
1061 264 1156 304 locis
1185 263 1266 313 (cfr.
1293 264 1317 303 l.
1347 264 1401 313 V,
1429 278 1466 304 v.
1495 266 1563 304 28:

147 329 303 375 „consul
331 329 512 379 carpebat
534 329 682 379 iniquas
702 358 711 367 .
730 358 739 367 .
759 358 768 367 .
788 331 870 368 vias
901 330 938 381 [i.
958 343 990 368 e.
1018 330 1261 381 angustias]“,
1288 343 1324 367 v.
1347 332 1398 368 42
1428 334 1467 367 et
1494 332 1563 368 43:

147 392 345 445 „Namque
375 393 446 433 sub
479 398 660 445 angustas
688 398 811 432 artato
848 393 968 433 limite
1006 394 1138 434 fauces
1174 393 1222 433 In
1249 392 1422 433 fraudem
1450 392 1565 432 duce-

147 458 214 495 bat
241 460 348 507 iter“)
376 458 554 509 produnt.
1479 503 1481 506 Ι

277 522 453 575 Apparet
479 522 605 575 igitur,
638 522 834 562 Romanos
862 535 939 562 non
967 536 991 562 a
1017 522 1174 562 meridie
1209 527 1249 562 et
1274 522 1385 562 h‘tore
1414 522 1463 561 ad
1491 524 1566 562 ori-

149 593 276 626 entem
312 602 438 636 verso‚
472 594 518 627 ut
545 588 869 628 Schlichteisenus
897 589 1037 640 aliique
1064 594 1220 641 putant,
1257 588 1325 628 sed
1353 603 1376 628 a
1412 593 1566 641 septen-

148 652 336 691 trionibus
366 657 405 691 et
431 653 516 705 ripa
543 652 592 691 ad
621 653 857 692 occidentem
884 666 998 691 versa
1024 653 1222 704 planitiem
1249 653 1462 691 intravisse.

278 717 409 764 Quare
428 717 613 757 Romanis
632 718 736 757 lacus
755 718 1027 757 Trasimennus
1055 731 1132 756 non
1155 717 1205 757 ad
1231 718 1378 758 laevam
1402 731 1565 766 manum,

148 786 192 818 ut
220 781 258 818 in
279 795 395 819 versu
416 784 465 820 95
495 781 647 830 dicitur,
676 782 745 820 sed
764 792 883 833 aeque
912 787 1026 833 atque
1053 782 1275 830 Hannibali,
1303 795 1387 820 cum
1415 782 1454 819 in
1474 795 1565 820 con-

150 852 283 899 spectu
311 846 415 886 lacus
445 846 607 887 ducibus
636 847 715 887 suis
744 846 792 887 de
821 846 1045 887 instruenda
1062 847 1143 886 acie
1162 846 1341 887 mandata
1368 845 1487 896 daret,
1515 845 1565 886 ad

149 911 323 950 dextram
351 918 499 964 partem
527 913 623 951 situs
644 919 734 952 erat.
773 913 1020 953 Vocabulum
1046 913 1201 961 ‚,laeva“
1228 913 1344 964 igitur
1369 916 1479 962 (vers.
1502 915 1565 961 95)

149 977 375 1016 mendosum
405 978 650 1017 statuendum
678 984 747 1017 est.
802 978 913 1017 Idem
950 992 1035 1016 cum
1067 979 1144 1017 iam
1172 976 1372 1026 Cluverus,
1400 977 1566 1017 Lefebu-

149 1043 249 1089 rius,
297 1042 461 1081 Bothius
509 1043 769 1094 opinarentur,
816 1057 892 1082 non
931 1048 1185 1081 memorantes
1230 1056 1381 1091 causas,
1428 1043 1565 1093 quibus

149 1107 318 1159 suspicio
352 1107 400 1146 iis
428 1108 664 1156 movebatur,
702 1108 786 1147 loco
814 1107 1040 1159 medicinam
1079 1106 1260 1146 adhibere
1300 1108 1427 1146 conati
1466 1111 1565 1146 sunt.

151 1171 340 1210 Cluverus
368 1173 523 1220 ‚,laeva“
550 1174 757 1211 scribarum
792 1174 904 1224 culpa
937 1178 1062 1211 ortum
1090 1177 1130 1211 et
1156 1172 1336 1220 „dextra“
1363 1172 1566 1223 legendum

149 1237 311 1288 putavit.
367 1236 446 1276 Sed
484 1237 578 1276 haec
617 1237 766 1276 medela
804 1238 917 1276 nimis
957 1236 1083 1276 audax
1122 1242 1235 1289 atque
1273 1236 1443 1276 violenta
1481 1250 1565 1275 esse

151 1301 243 1339 mihi
271 1302 435 1350 videtur,
474 1316 572 1349 cum,
611 1303 802 1353 quomodo
830 1303 976 1341 factum
1005 1304 1066 1351 sit,
1106 1307 1150 1340 ut
1176 1303 1341 1353 genuina
1379 1302 1567 1353 scriptura

149 1365 331 1414 ,‚dextra“
357 1366 596 1406 librariorum
626 1380 752 1406 errore
780 1369 820 1406 in
847 1368 1012 1416 ,‚laeva“,
1051 1371 1271 1414 mutaretur,
1312 1367 1380 1405 vix
1408 1366 1566 1418 cogitari

149 1433 284 1483 possit.
339 1432 503 1471 Bothius
543 1433 792 1472 Lefeburium
831 1438 985 1472 secutus
1023 1446 1094 1484 pro
1134 1432 1285 1480 „laeva“
1326 1446 1400 1470 una
1439 1432 1567 1470 littera

149 1496 298 1535 adiecta
336 1497 530 1545 ‚‚laevam“
568 1498 684 1537 scribi
723 1503 763 1536 et
805 1503 894 1550 post
935 1497 1054 1536 verba
1099 1498 1386 1548 „stagnantibus
1431 1496 1567 1535 undis“

150 1575 298 1600 comma
325 1563 417 1614 poni
456 1562 550 1610 vult,
590 1568 633 1602 ut
669 1563 787 1602 verba
825 1564 879 1602 ita
917 1563 1106 1615 legantur:
1146 1575 1239 1611 „nec
1277 1562 1425 1601 laevam
1465 1566 1567 1613 stag-

149 1627 329 1666 nantibus
380 1627 493 1667 undis
545 1632 608 1678 (sc.
654 1628 821 1679 dextra),
872 1628 1069 1679 Effugium
1121 1632 1260 1680 patet“.
1339 1627 1566 1666 Germanice

149 1691 243 1730 haec
271 1692 390 1731 verba
424 1694 479 1731 ita
513 1694 644 1732 vertit:
686 1693 807 1741 „Hier
836 1693 973 1731 fluthet
999 1692 1068 1731 der
1097 1692 1188 1741 See3
1216 1706 1283 1730 zur
1306 1692 1456 1730 Linken
1482 1705 1567 1730 ver-

150 1762 275 1809 sperrt
302 1758 354 1796 ist
381 1757 453 1796 alle
482 1757 655 1797 Flucht.“
694 1758 811 1797 Hunc
839 1771 994 1797 sensum
1021 1771 1091 1810 per
1118 1771 1159 1797 se
1188 1756 1341 1809 quidem
1369 1762 1500 1809 aptum
1527 1757 1565 1795 in

150 1822 225 1860 illis
254 1823 382 1862 verbis
410 1823 536 1862 inesse
564 1823 778 1875 praefracte
806 1837 905 1875 nego
933 1836 1056 1874 neque
1090 1822 1148 1861 fas
1177 1836 1262 1861 esse
1290 1822 1461 1870 arbitror,
1489 1827 1567 1860 tam

150 1887 353 1927 obscurum
382 1888 563 1940 loquendi
598 1902 719 1939 genus
755 1894 891 1941 poetae
919 1888 1097 1927 tribuere.
1157 1887 1287 1935 Quare
1317 1887 1388 1926 hoc
1416 1900 1566 1939 quoque

149 1952 365 2004 corrigendi
384 1954 622 2005 propositum
643 1953 899 1992 damnandum
914 1967 998 1992 esse
1018 1967 1167 1992 censeo.
1203 1953 1296 1991 Meo
1316 1953 1567 2004 qualicunque

149 2017 291 2056 iudicio
320 2018 382 2056 hic
417 2019 524 2057 locus
561 2032 717 2071 prorsus
747 2032 823 2056 non
859 2020 913 2057 ita
950 2018 1074 2057 sanari
1101 2023 1241 2070 potest,
1280 2023 1323 2055 ut
1350 2031 1427 2055 non
1456 2018 1568 2056 simul

149 2089 287 2134 poetae
318 2084 435 2122 verba
467 2084 678 2123 turbentur.
735 2084 829 2123 Silio
867 2084 969 2123 enim
1009 2084 1081 2123 hoc
1114 2083 1198 2122 loco
1232 2082 1374 2134 aliquid
1413 2082 1567 2121 humani

149 2147 334 2186 accidisse
364 2150 510 2199 opinor,
538 2154 582 2186 ut
614 2149 652 2186 in
683 2149 843 2187 similem
873 2162 1038 2187 errorem
1066 2149 1106 2186 in
1132 2148 1197 2186 lib.
1215 2148 1281 2185 IX
1309 2162 1344 2186 v.
1366 2149 1443 2186 268
1463 2161 1567 2198 seqq.
1597 2194 1600 2196 ,

150 2226 237 2251 eum
265 2212 447 2252 incidisse
475 2218 577 2252 recte
596 2212 936 2253 Drakenborchius
965 2218 1005 2252 et
1022 2212 1224 2252 Ernestius
1253 2212 1431 2264 opinione
1451 2225 1569 2263 augu-

149 2283 290 2316 rantur.
355 2278 516 2317 Poetam
552 2284 680 2317 autem
715 2284 884 2330 putasse,
920 2279 1116 2317 Romanos
1152 2292 1175 2316 a
1209 2277 1367 2316 meridie
1403 2277 1441 2315 in
1480 2290 1569 2315 con-

151 2342 288 2382 vallem
317 2343 551 2396 pervenisse,
587 2343 690 2396 quod
718 2357 851 2383 revera
877 2343 1018 2383 factum
1055 2356 1132 2382 non
1161 2356 1245 2384 esse
1274 2342 1366 2383 satis
1395 2354 1569 2398 compro-

283 2485 291 2501 ¹
314 2483 371 2515 lib.
395 2484 515 2516 XXII.
539 2496 566 2517 c.
591 2485 652 2517 IV.
677 2487 694 2525 ,Q
717 2486 746 2517 4.
