1747 2820
713 390 1000 465 Theses

213 593 245 632 I.
272 593 322 631 In
356 593 422 633 Sil.
456 593 688 632 Punicorum
724 593 748 633 l.
781 592 904 642 VIII,
936 607 973 633 v.
1008 595 1058 633 20
1094 607 1165 645 pro
1198 592 1370 632 codicum
1403 594 1564 632 lectione

273 659 382 706 ,‚siti“
409 671 497 697 cum
524 658 574 697 D.
602 658 766 697 Heinsio
793 658 931 707 „situ“
958 658 1072 698 scribi
1098 658 1198 697 volo.

192 722 247 762 ΙΙ.
275 722 427 762 Ibidem
459 722 484 762 l.
511 722 566 772 X,
599 737 635 762 v.
666 724 714 762 67
749 723 923 762 Bauerus
956 723 1138 763 librorum
1172 724 1398 775 scripturam
1430 723 1565 771 „sinit“

274 802 298 826 a
324 788 498 840 plurimis
526 788 842 840 praecedentibus
871 788 1080 828 editoribus
1108 789 1184 827 iam
1210 787 1461 840 improbatam
1484 787 1564 826 sine

274 854 376 891 iusta
403 866 519 891 causa
545 854 723 891 restituit.

165 917 243 956 111.
270 918 318 956 In
364 917 481 970 Soph.
521 917 697 957 Electrae
741 932 778 957 v.
820 920 922 957 1147
965 931 1035 970 pro
1077 917 1138 968 „02
1172 913 1258 959 κατ’
1304 914 1435 958 οἷκον“
1479 917 1565 967 lego

275 982 346 1033 „ai
375 999 410 1024 κ.
440 984 496 1024 ο.“

171 1047 248 1088 IV.
276 1047 325 1085 In
359 1047 476 1100 Soph.
511 1047 609 1086 Oed.
644 1047 727 1086 Col.
759 1061 796 1086 v.
832 1049 934 1085 1466
976 1061 1045 1100 pro
1082 1044 1290 1101 ,,οῧρανία“
1331 1035 1564 1100 ,,οῧρανίς“

273 1112 479 1165 legendum
505 1126 689 1165 propono.

189 1178 244 1218 V.
271 1178 320 1216 In
349 1178 466 1230 Soph.
485 1178 647 1216 Philoct.
668 1191 702 1216 v.
725 1180 827 1216 1383
857 1190 926 1230 pro
946 1174 1257 1233 ,,ιῦφελούμενος“
1285 1181 1400 1228 poeta
1419 1172 1564 1231 „cirpe—

177 1243 180 1245 ’
276 1243 495 1298 λήσιμος“
523 1243 685 1281 forsitan
714 1243 918 1295 scripserit.

170 1307 247 1350 VI.
275 1307 324 1347 In
344 1308 519 1347 carminis
538 1307 696 1357 Burani,
724 1308 830 1347 cuius
859 1307 1009 1346 initium
1037 1311 1112 1346 est:
1146 1306 1268 1356 „Utar
1295 1310 1426 1345 contra
1452 1305 1567 1345 vitia“

276 1372 499 1423 (Schmeller
540 1372 665 1412 Carm.
705 1373 796 1411 Bur.
834 1372 884 1410 N.
912 1371 1033 1422 XIX)
1075 1371 1233 1423 stropha
1276 1373 1323 1409 17
1367 1370 1567 1409 scribenda

276 1437 485 1478 Schmeller
526 1437 639 1476 nimis
681 1451 703 1476 a
739 1436 872 1476 codice
913 1450 982 1476 suo
1023 1435 1228 1475 recessisse
1269 1435 1362 1474 mihi
1403 1434 1565 1475 videtur.

276 1501 468 1554 Equidem
496 1502 594 1541 hanc
622 1502 819 1554 stropham
847 1502 901 1540 sic
930 1501 1096 1540 scribere
1123 1514 1200 1539 non
1229 1499 1373 1539 dubito.

596 1566 832 1616 „Praedatur
857 1566 1091 1618 marsupium

599 1632 767 1684 Singulis
796 1632 989 1684 paulatim,

598 1698 753 1750 Magna,
780 1697 911 1745 maior,
937 1696 1102 1735 maxima

599 1763 748 1801 Praeda
774 1763 818 1800 fit
844 1761 1042 1813 gradatim.

598 1827 706 1874 Quid
733 1840 925 1866 narrarem
952 1826 1148 1877 singulos?

601 1892 789 1944 Colligam
818 1891 1052 1930 summatim:

601 1956 747 1995 Omnes
775 1956 909 1995 bursas
938 1954 1176 2007 strangulant

599 2020 653 2059 Et
681 2020 887 2072 expilant
914 2020 1077 2059 statim.“

146 2087 246 2129 VII.
274 2087 322 2126 In
358 2085 528 2126 eiusdem
564 2085 740 2124 carminis
774 2084 931 2137 stropha
966 2086 1015 2124 18
1050 2089 1090 2123 et
1125 2085 1175 2124 19
1210 2083 1353 2123 codicis
1386 2083 1568 2122 lectiones

276 2152 325 2191 ad
359 2166 473 2190 unam
510 2165 641 2190 omnes
670 2149 880 2190 servandas
908 2163 993 2189 esse
1020 2153 1152 2189 contra
1178 2148 1453 2189 Schmellerum
1480 2162 1569 2187 con-

276 2218 475 2257 tenderim.
