1747 2820
845 140 894 178 21

559 376 670 426 Lib.
705 377 789 435 VI,
825 390 872 426 v.
905 376 999 426 185
1033 389 1177 437 seqq.

293 514 425 564 Poeta,
452 519 651 567 postquam
679 529 742 554 vv.
764 517 974 555 181-184
998 529 1140 567 angues
1169 514 1387 567 Gigantum,
1414 515 1572 567 hydram

165 579 386 627 Lernaeam,
414 584 629 630 serpentem
656 579 915 631 Hesperidum
933 580 1064 618 hortos
1084 579 1361 618 custodientem
1389 593 1573 618 memora-

165 643 233 692 vit,
266 648 309 682 ut
335 645 536 683 immanem
563 643 861 696 magnitudinem
894 643 1069 684 draconis
1103 644 1152 683 ad
1185 644 1399 696 Bagradam
1430 645 1571 684 flumen

165 709 346 746 morantis
375 708 618 756 describeret,
644 708 750 746 hisce
778 709 905 747 verbis
932 710 1072 760 pergit:

356 772 526 822 „Tantus
554 771 713 812 disiecta
738 772 872 813 tellure
901 773 972 813 sub
1000 778 1102 813 astra
1129 787 1326 813 coruscum

356 839 507 876 Extulit
533 852 735 889 assurgens
763 843 878 890 caput
905 868 914 876 .
943 868 951 876 .
980 868 988 876 .
1017 843 1049 876 .“

293 901 340 940 In
379 902 552 941 codicum
592 902 754 941 lectione
795 901 999 951 ,‚disiecta“
1045 915 1174 941 omnes
1216 902 1298 941 fere
1344 904 1570 955 interpretes

164 968 332 1007 haesisse
368 973 408 1007 et
434 968 483 1006 ad
511 968 744 1007 coniecturas
781 968 999 1019 confugisse
1036 968 1161 1016 video,
1203 968 1282 1016 sed,
1324 974 1367 1007 ut
1394 969 1570 1019 equidem

164 1032 326 1073 arbitror
339 1062 349 1080 ,
398 1032 507 1070 falso.
575 1032 759 1071 Heinsius
800 1045 870 1084 pro
912 1032 1115 1080 „disiecta“
1154 1037 1306 1084 poetam
1346 1032 1572 1085 „despecta“

164 1097 361 1149 scripsisse
401 1097 636 1149 opinabatur,
675 1097 777 1149 quod
815 1098 1052 1149 propositum
1090 1097 1201 1136 valde
1243 1098 1369 1136 arrisit
1390 1098 1571 1137 -Draken-

164 1161 318 1199 borchio
329 1191 340 1209 ,
385 1161 482 1200 hanc
529 1162 757 1200 locutionem
805 1162 933 1200 multis
980 1162 1162 1213 exemplis
1210 1162 1424 1200 illustranti.
1492 1162 1570 1201 Sed

161 1224 318 1265 frustra!
357 1226 440 1265 Iam
468 1225 684 1265 Schmidius
711 1226 865 1265 Heinsii
892 1227 1148 1265 coniecturam
1175 1227 1331 1278 respuit,
1358 1240 1467 1275 „cum
1494 1241 1570 1266 non

161 1296 352 1342 appareat,
379 1291 569 1342 quomodo
598 1291 674 1330 dici
706 1292 845 1343 possit:
884 1291 1039 1330 »extulit
1074 1297 1216 1343 caput,«
1251 1292 1282 1330 si
1322 1294 1571 1343 praecesserit

161 1355 358 1408 »despecta
384 1357 535 1395 tellure«
563 1361 602 1395 et
628 1356 724 1395 ratio
751 1361 901 1408 poscat,
930 1362 973 1394 ut
999 1356 1141 1394 dictum
1167 1356 1233 1395 sit:
1270 1356 1429 1405 „extulit
1456 1363 1570 1409 caput

162 1425 200 1458 et
240 1420 415 1472 despexit
461 1426 597 1459 terram
643 1435 695 1459 sc.
734 1421 808 1459 iam
852 1421 973 1459 elatus
1020 1434 1048 1459 s.
1088 1425 1269 1459 erectus.“
1341 1421 1568 1460 Lefeburius

159 1484 360 1536 legendum
388 1487 588 1538 proposuit
619 1485 864 1534 ‚,disiuncta,“
896 1484 998 1537 quod
1026 1485 1252 1524 vocabulum
1286 1487 1325 1524 in
1353 1486 1567 1525 Telleriano

161 1549 303 1598 codice,
339 1552 401 1601 qui
439 1552 538 1589 inter
565 1551 771 1589 deteriores
798 1551 915 1589 libros
951 1551 1075 1589 locum
1104 1551 1261 1597 obtinet,
1300 1551 1483 1602 scriptum
1511 1553 1568 1589 in-

160 1614 275 1652 venit.
309 1615 425 1661 Quod
444 1614 634 1665 quomodo
654 1620 740 1666 apte
759 1615 995 1666 interpreter,
1014 1628 1073 1653 me
1092 1616 1238 1653 nescire
1256 1615 1419 1654 libenter
1436 1615 1567 1654 fateor.

159 1679 294 1731 Neque
334 1679 436 1731 quod
467 1680 580 1718 Thilo
616 1680 778 1719 coniecit
817 1680 887 1729 „ab
925 1679 1100 1728 infecta,“
1136 1679 1239 1731 quod
1274 1680 1419 1719 collatis
1448 1680 1567 1732 Verg.

161 1744 301 1796 Georg.
329 1745 384 1793 II,
415 1747 489 1783 128
519 1750 558 1783 et
586 1744 719 1784 Claud.
747 1746 787 1783 in
813 1744 904 1783 Rus.
932 1745 965 1793 I,
995 1747 1069 1784 301
1105 1759 1174 1797 pro
1202 1750 1433 1793 „venenata“
1459 1759 1567 1784 usur-

159 1814 289 1861 patum
326 1823 409 1849 esse
448 1814 574 1861 putat,
607 1823 764 1848 assensu
803 1809 959 1861 dignum
998 1823 1081 1848 esse
1120 1809 1212 1848 mihi
1251 1809 1411 1848 videtur.
1466 1810 1566 1848 Nam

158 1879 421 1925 praeterquam
449 1874 551 1925 quod
579 1874 832 1926 discrepantia
859 1875 1066 1925 scriptume
1084 1874 1245 1912 traditae
1265 1879 1304 1912 et
1328 1874 1565 1911 coniecturae

159 1938 259 1991 haud
288 1939 342 1978 ita
368 1939 464 1978 levis
493 1944 563 1988 est,
601 1953 677 1978 non
705 1939 752 1977 ab
792 1940 895 1977 omni
927 1944 1035 1991 parte
1063 1939 1163 1978 bona
1202 1939 1388 1978 sententia
1426 1938 1564 1978 evadit.

159 2004 266 2050 Quid
293 2005 435 2042 multa?
479 2004 572 2042 Meo
600 2004 740 2042 iudicio
767 2004 861 2042 nihil
888 2004 926 2041 in
955 2004 1094 2042 tradita
1111 2004 1274 2042 lectione
1301 2004 1438 2041 mutari
1465 2004 1565 2051 licet,

159 2083 246 2108 cum
278 2069 371 2109 haec
407 2069 590 2122 optimum
624 2082 776 2108 sensum
812 2068 997 2108 exhibeat.
1052 2068 1178 2116 Quem
1212 2073 1255 2107 ut
1281 2073 1382 2107 recte
1411 2069 1566 2107 evolva-

158 2148 254 2182 mus,
281 2134 508 2186 inspiciendi
526 2135 636 2173 nobis
665 2139 753 2172 sunt
781 2148 843 2172 vv.
866 2135 1086 2181 176-180,
1114 2134 1250 2184 quibus
1270 2133 1404 2171 Marus
1428 2139 1566 2181 narrat,

159 2188 244 2237 cum
272 2199 386 2238 sociis
414 2199 681 2238 comitantibus
709 2212 863 2247 nemus,
904 2198 969 2237 ubi
996 2197 1170 2236 horridus
1206 2211 1362 2249 serpens
1391 2198 1429 2236 in
1458 2203 1566 2237 antro

160 2265 400 2313 versabatur,
439 2265 627 2312 intrasset,
665 2278 709 2312 „e
747 2264 960 2303 vestibulo“
998 2264 1094 2301 antri
1133 2268 1338 2301 tartareum
1376 2263 1567 2302 turbinem

159 2328 340 2379 erupisse,
368 2330 583 2367 resonuisse
603 2328 737 2376 solum,
764 2328 936 2366 tellurem
964 2332 1104 2365 motam
1130 2340 1334 2378 manesque
1359 2327 1566 2378 procedere

158 2393 263 2432 visos
288 2407 382 2433 esse.
422 2393 558 2435 Verba
587 2398 714 2432 autem
741 2398 912 2442 „antrum
938 2395 1070 2432 ruere“
1089 2417 1139 2421 -—
1159 2392 1387 2431 infinitivum
1414 2397 1568 2441 „ruere“

158 2462 201 2500 ut
227 2463 449 2511 „resonare“
476 2464 515 2500 et
540 2460 731 2510 „moveri“
758 2457 934 2515 equidem
956 2472 1042 2498 cum
1060 2457 1266 2500 Lefeburio
1293 2462 1451 2515 propter
1469 2458 1567 2497 vivi÷
