1747 2820
832 116 882 153 35

154 236 405 283 exspectatur,
431 233 634 283 repetitum
663 233 722 269 sit.
764 231 888 270 Simul
914 232 987 269 hoo
1013 232 1097 269 1000
1124 232 1220 269 alter
1238 244 1352 278 error,
1380 232 1420 268 in
1447 240 1560 281 quem

153 297 373 336 Emestium
411 301 452 335 et
477 296 705 349 Rupertium
742 296 921 336 incidisse
957 295 1082 345 video,
1122 295 1343 335 refutandus
1371 295 1463 334 mihi
1491 301 1560 335 est.

153 362 243 399 Duo
271 362 372 400 enim
391 361 463 400 viri
482 361 585 400 docti
608 366 686 400 tres
710 362 923 400 nominatos
949 362 1088 400 milites
1106 361 1311 410 Romanos,
1339 361 1560 408 Labienum,

154 425 306 476 ocrem,
334 425 524 479 Opimum,
551 425 688 466 fratres
715 425 833 466 fuisse
860 425 1103 476 contendunt,
1130 425 1192 465 cui
1210 425 1419 466 sententiae
1447 425 1561 465 vehe—

152 497 299 530 menter
325 497 521 543 repugnat,
548 492 651 543 quod
675 492 791 531 Silius
816 492 957 531 Ocrem
984 497 1024 531 et
1041 492 1221 543 Opitrum
1249 492 1364 539 Setia,
1392 506 1440 530 ex
1458 492 1560 530 Latii

71 570 79 579 ·
152 556 256 605 urbe,
282 555 495 595 Labienum
513 560 645 595 contra
663 569 711 595 ex
729 555 901 608 Cingulis
919 556 959 595 in
976 556 1119 595 Piceno
1147 556 1229 595 sitis
1247 556 1407 595 collibus
1435 556 1561 595 oriun-

153 621 223 661 dos
250 621 350 660 facit.
391 622 593 661 Praeterea
620 621 747 670 Silius,
774 622 808 661 si
834 627 912 661 tres
939 622 1079 661 milites
1097 621 1231 661 fratres
1258 621 1431 670 fuissent,
1458 627 1560 661 certe

153 685 289 724 clarius
316 685 389 724 hoc
415 686 676 738 expressisset.
718 685 797 724 Cur
815 685 930 724 Silius
950 690 1075 724 autem
1103 690 1180 724 tres
1199 686 1393 724 Romanos
1420 686 1560 724 milites

153 765 228 790 una
254 750 404 800 dixerit,
430 751 542 791 facile
560 751 804 803 perspicitur3
831 757 908 792 tres
933 752 1033 791 enim
1059 751 1198 791 milites
1218 750 1351 791 eodem
1378 751 1560 804 temporis

153 821 344 853 momento
380 816 448 853 sed
486 816 649 854 diversis
678 816 896 854 vulneribus
930 816 1007 864 (cfr.
1035 829 1098 853 vv.
1128 818 1182 866 35,
1199 818 1268 854 36:
1310 816 1455 863 „iunxit
1480 816 1561 853 fera

152 885 323 932 tempora
348 880 416 919 leti
443 879 623 919 Sidonius
661 894 736 919 non
775 880 962 919 consimili
1000 879 1215 920 discrimine
1243 880 1366 932 miles)
1398 885 1559 919 mortem

152 945 418 984 occubuerunt.

647 1143 758 1192 Lib.
792 1143 859 1202 X,
894 1156 941 1192 V.
976 1143 1057 1192 99.

405 1271 619 1319 „Unanima
645 1270 734 1309 inde
762 1271 926 1322 phalanx
955 1301 1150 1309 ......

406 1336 614 1386 Postquam
641 1335 835 1373 hominum
863 1337 999 1373 satiata
1026 1349 1157 1374 necem
1187 1365 1195 1373 .
1224 1365 1232 1373 .
1262 1365 1269 1373 .
1300 1365 1308 1373 .
1322 1341 1332 1358 ‘

278 1400 484 1452 Perperam
511 1400 682 1439 Bauerus
710 1399 884 1439 codicum
913 1400 1138 1453 scripturam
1165 1404 1342 1450 „necem“
1370 1400 1418 1439 ab
1437 1400 1558 1439 omni-

150 1466 221 1505 bus
249 1466 402 1517 reliquis
431 1465 639 1504 editoribus
657 1466 836 1504 reiectam
860 1466 1038 1514 restituit,
1066 1479 1151 1504 cum
1175 1466 1416 1504 accusativus
1436 1465 1558 1505 Grae-

151 1544 229 1578 cus,
271 1530 392 1582 qualis
435 1534 536 1568 esset
575 1534 752 1578 „necem“
786 1554 836 1558 —
871 1530 920 1568 ad
961 1529 1243 1581 significandam
1284 1530 1428 1569 scilicet
1468 1544 1558 1578 rem,

150 1609 224 1647 qua
252 1595 410 1647 quisque
439 1595 597 1634 satiatus
626 1599 685 1634 est
712 1619 762 1624 —
791 1595 894 1634 nullo
928 1595 1042 1634 modo
1069 1595 1247 1635 ferendus
1276 1597 1336 1635 sit.
1390 1596 1559 1635 Accusa-

150 1660 253 1699 tivus
273 1660 443 1700 Graecus
472 1661 571 1699 enim
598 1674 668 1712 pro
689 1660 863 1707 ‚ablativo
884 1660 1120 1700 limitationis
1138 1666 1285 1699 tantum
1312 1662 1402 1713 poni
1420 1666 1558 1712 potest,

149 1725 218 1765 sed
250 1725 313 1765 hic
341 1731 538 1778 exspectas
566 1725 774 1765 ablativum
806 1739 951 1765 causae.
1006 1725 1135 1773 Quare
1169 1739 1253 1765 cum
1280 1725 1456 1765 Livineio
1488 1740 1557 1778 pro

147 1795 325 1840 ,‚necem“
359 1804 475 1839 „nece
503 1795 595 1839 est,“
633 1790 736 1842 quod
763 1791 803 1829 in
830 1791 993 1830 vetustis
1020 1792 1285 1842 manuscriptis
1315 1791 1486 1829 similiter
1513 1804 1556 1829 ac

148 1854 288 1894 tradita
328 1855 442 1894 lectio
479 1855 723 1904 scribebatur,
763 1855 966 1907 legendum
994 1860 1063 1903 est,
1103 1869 1201 1907 quae
1240 1855 1454 1894 coniectura
1481 1855 1555 1893 iam

147 1921 187 1958 in
214 1925 291 1959 tres
319 1921 535 1959 notissimas
564 1920 750 1959 editiones
777 1925 932 1973 recepta
959 1926 1027 1959 est.

559 2117 671 2165 Lib.
705 2117 771 2176 X,
806 2128 853 2165 v.
888 2115 983 2165 256
1007 2128 1150 2177 seqq.

338 2245 577 2294 „Umbraene
607 2244 798 2284 Ausoniae
826 2244 999 2283 rediviva
1026 2244 1125 2283 bella
1152 2249 1361 2283 retractant

338 2310 434 2350 Post
460 2310 605 2350 obitum
633 2308 813 2349 dextra‘.m

273 2375 332 2415 Ut
358 2375 521 2415 Heinsio
550 2380 589 2415 et
615 2375 820 2415 Lefeburio
847 2374 901 2414 ita
934 2373 1027 2413 mihi
1053 2388 1203 2426 quoque
1230 2375 1449 2423 „rediviva“
1476 2390 1557 2415 cor-

145 2440 315 2493 ruptelae
343 2441 597 2495 suspicionem
623 2440 755 2481 movit.
809 2439 1069 2490 „Redivivus“
1093 2441 1192 2480 enim
1222 2464 1271 2469 —
1303 2441 1487 2481 Heinsius
1519 2447 1558 2482 et

1303 2519 1341 2552 3*
