1747 2820
843 125 864 164 7

149 241 310 281 duorum
337 242 496 294 illorum
513 256 694 294 generum
720 242 825 282 locos
854 256 902 282 ex
928 242 1035 282 libris
1058 242 1199 284 V—-X
1225 243 1366 295 petitos
1394 247 1559 282 tractan—

150 305 221 344 dos
250 307 399 359 suscepi
428 312 540 359 atque
568 320 656 358 spes
684 320 745 345 me
763 312 879 355 tenet,
905 307 980 345 nisi
1007 308 1166 345 multum
1194 313 1321 346 tamen
1349 307 1491 358 aliquid
1509 307 1559 345 ad

149 372 347 423 pristinam
374 372 575 414 sanitatem
601 371 874 412 restituendam
900 376 1110 425 poetaeque
1142 372 1257 412 verba
1286 377 1389 412 recte
1419 371 1558 412 intelli-

149 435 275 488 genda
301 450 361 475 me
389 437 605 475 contulisse.

678 624 790 672 Lib.
824 624 864 671 V
898 637 945 673 v.
979 625 1026 673 4.

276 751 393 790 Initio
426 752 511 790 libri
545 752 682 803 quinti,
715 765 790 804 quo
818 765 955 803 magno
982 766 1068 790 cum
1096 756 1230 790 ornatu
1257 765 1280 789 a
1308 751 1402 790 Silio
1430 751 1559 789 claris-

148 816 243 854 sima
270 821 383 868 atque
411 818 645 856 atrocissima
671 817 736 855 illa
762 830 890 869 pugna
919 816 968 855 ad
994 817 1119 856 lacum
1136 817 1427 855 Trasimennum
1456 829 1558 854 com-

147 881 263 919 missa
291 886 494 929 enarratur,
521 887 636 933 poeta
661 881 918 920 Hannibalem
950 894 1041 933 „per
1067 881 1143 919 alta
1170 881 1320 919 silentia
1345 881 1492 919 noctis“
1518 881 1558 918 in

147 945 305 984 collibus
333 950 373 984 et
399 946 507 985 silvis
534 946 779 985 Trasimeneo
813 946 949 985 vicinis
982 945 1139 984 insidias
1172 945 1416 984 collocantem
1453 944 1557 983 facit.

146 1009 245 1047 Tum
265 1023 379 1048 versu
406 1015 539 1061 quarto
564 1015 603 1049 et
629 1010 789 1058 duobus,
816 1012 881 1062 qui
909 1015 1129 1062 sequuntur,
1155 1010 1259 1048 lacus
1278 1011 1433 1061 eiusque
1462 1010 1557 1047 situs

146 1074 200 1113 ita
226 1073 468 1114 describitur:

404 1141 483 1189 „At
509 1146 616 1193 parte
645 1155 665 1180 e
693 1141 812 1189 laeva,
839 1146 1060 1193 restagnans
1087 1140 1236 1192 gurgite
1263 1145 1385 1189 vasto,

402 1205 580 1257 Effigiem
608 1207 649 1244 in
675 1206 800 1257 pelagi
827 1206 931 1244 lacus
959 1206 1201 1244 humectabat
1226 1206 1358 1243 inertis

402 1270 456 1308 Et
482 1270 557 1309 late
585 1270 704 1309 multo
731 1270 912 1309 foedabat
938 1271 1111 1323 proxima
1138 1270 1275 1319 limo;“

274 1345 323 1384 In
368 1347 554 1385 vocabulo
597 1347 762 1394 „laeva“
806 1360 940 1385 versus
992 1348 1115 1397 quarti
1158 1360 1346 1385 consensu
1390 1347 1557 1384 omnium

147 1409 320 1448 codicum
358 1411 505 1449 firmato
544 1411 696 1463 plurimi
729 1412 801 1449 viri
841 1410 945 1450 docti
985 1410 1227 1449 offenderunt
1263 1409 1432 1462 illudque
1473 1423 1557 1449 ver-

146 1475 236 1515 bum
264 1475 303 1514 in
331 1475 509 1524 ‚‚dextra“
536 1481 788 1515 mutaverunt.
848 1467 982 1524 Quod
998 1489 1073 1528 quo
1112 1475 1193 1515 iure
1220 1475 1396 1524 fecerint,
1434 1475 1557 1528 prius-

147 1554 259 1592 quam
311 1542 586 1589 examinemus,
637 1541 713 1580 duo
765 1542 829 1580 alii
879 1541 953 1580 loci
1005 1528 1054 1580 ad
1106 1541 1220 1580 situm
1272 1541 1377 1580 lacus
1428 1541 1558 1579 Trasi-

146 1605 273 1644 menni
291 1606 549 1658 montiumque
578 1606 613 1645 ei
641 1607 903 1659 oppositorum
929 1606 1163 1659 pertinentes
1192 1605 1301 1645 nobis
1329 1604 1557 1658 inspiciendi

147 1676 245 1709 sunt.
305 1671 416 1709 Prior
447 1671 551 1709 locus
586 1676 645 1709 est
670 1685 804 1709 versus
833 1674 911 1710 824
939 1672 1144 1722 superioris
1177 1671 1280 1710 libri:
1316 1671 1399 1718 „Tu
1426 1671 1556 1709 laevos

146 1734 301 1787 propior
328 1735 435 1773 collis
464 1734 613 1784 accede,
632 1734 840 1787 Choaspe“,
868 1735 1004 1787 quibus
1034 1735 1160 1774 verbis
1178 1734 1373 1773 Hannibal
1400 1735 1439 1772 in
1468 1748 1557 1773 con-

147 1805 280 1851 spectu
307 1800 423 1847 lacus,
451 1800 665 1852 Choaspem
691 1800 867 1851 legatum,
895 1800 1023 1848 colles,
1050 1800 1115 1851 qui
1143 1801 1178 1838 ei
1205 1799 1255 1838 ad
1273 1800 1420 1838 laevam
1439 1805 1557 1848 erant,

148 1877 331 1917 occupare
364 1865 479 1903 iubet.
539 1865 674 1904 Altero
706 1864 790 1903 loco
827 1866 902 1915 (vv.
932 1867 981 1903 95
1011 1869 1048 1903 et
1079 1865 1127 1903 96
1161 1864 1273 1902 huius
1309 1864 1408 1914 libri)
1443 1869 1557 1916 poeta

148 1929 355 1969 Corvinum
389 1929 594 1981 quendam,
630 1931 695 1982 qui
721 1930 927 1978 Flaminio,
955 1930 1153 1969 temerario
1180 1929 1438 1968 Romanorum
1467 1943 1558 1968 con-

148 1994 232 2042 suli,
259 1999 303 2032 ut
330 1994 403 2032 diis
423 1994 560 2033 cedens
589 2008 612 2033 a
638 1995 797 2033 consilio
815 1994 1156 2045 Karthaginienses
1184 1993 1430 2044 aggrediendi
1457 1993 1559 2032 desi—

148 2063 280 2107 steret,
313 2058 542 2111 persuadere
571 2058 765 2107 studebat,
798 2059 852 2097 ita
878 2059 1095 2111 loquentem
1128 2058 1288 2097 inducit:
1322 2071 1416 2107 „nec
1449 2058 1559 2097 laeva

147 2124 409 2176 stagnantibus
443 2124 555 2163 undis
589 2124 771 2176 effugium
803 2129 941 2176 patet“,
975 2124 1111 2176 quibus
1139 2124 1266 2163 verbis
1303 2123 1453 2172 dicitur,
1479 2123 1559 2162 Ro-

146 2189 268 2227 manis
285 2189 409 2226 lacum
426 2189 716 2228 Trasimennum
736 2189 845 2227 laeva
876 2194 983 2241 parte
1012 2189 1142 2227 fuisse.
1178 2189 1257 2235 Qui
1277 2188 1353 2227 duo
1372 2189 1447 2227 loci
1467 2190 1559 2227 viris

148 2253 271 2292 doctis
290 2253 498 2293 fortissime
522 2267 731 2306 repugnare
751 2253 929 2293 videntur
946 2253 1111 2302 lectioni,
1139 2252 1186 2292 de
1206 2267 1281 2305 qua
1307 2253 1418 2292 nobis
1446 2267 1559 2304 agen-

149 2318 239 2356 dum
268 2324 327 2357 est
352 2323 416 2367 „at
442 2323 549 2370 parte
570 2332 591 2356 e
609 2318 742 2357 laeva“
760 2323 830 2356 etc.
866 2318 1214 2365 Drakenborchius,
1242 2318 1350 2356 euius
1379 2318 1559 2355 iudicium

148 2382 349 2423 Ernestius
378 2387 418 2422 et
443 2383 652 2435 Rupertius
686 2396 796 2421 suum
822 2382 1008 2431 fecerunt,
1041 2382 1090 2421 ad
1117 2395 1249 2421 vocem
1283 2382 1436 2431 ‚‚laeva“
1462 2382 1486 2420 1.
1506 2381 1560 2430 V,

149 2461 185 2490 v.
202 2450 251 2490 95
270 2448 365 2490 haec
383 2447 556 2491 adnotat:
584 2447 733 2504 „Supra
755 2448 796 2486 in
822 2448 1009 2504 principio
1027 2447 1139 2487 huius
1157 2447 1245 2488 libri
1265 2446 1414 2488 dixerat
1433 2446 1560 2496 Silius,
