1747 2820
849 117 899 155 25

165 234 381 274 Poenorum
399 235 510 273 turba
528 234 691 274 deformi
710 235 947 287 captivorum
973 235 1106 274 habitu
1124 235 1279 274 indutus
1307 235 1577 286 ingrederetur,

165 299 362 347 efficiebat,
397 305 441 337 ut
468 300 634 338 omnium
662 299 792 339 odium
819 304 1105 338 converteretur
1131 300 1170 338 in
1197 300 1302 348 deos,
1334 300 1423 351 „qui
1449 304 1577 338 tantae

164 364 253 403 fidei
280 369 320 403 et
346 364 499 404 virtutis
527 365 651 404 virum
684 370 762 404 tam
794 364 949 417 indigne
982 365 1134 403 tractari
1169 369 1420 417 paterentur.“
1474 364 1577 403 Illud

164 442 313 481 quoque
346 430 537 468 mentione
565 429 723 481 dignum
756 434 898 482 putem,
933 429 1037 481 quod
1064 430 1182 469 verba
1207 430 1383 482 „captivo
1410 431 1577 480 tegmine

165 498 343 545 saeptus“
370 494 561 545 eleganter
587 495 759 546 proxime
786 495 1100 546 praecedentibus
1120 495 1247 533 verbis
1274 495 1461 546 „superba
1478 495 1578 533 Poe-

163 571 298 596 norum
325 558 459 596 turba“
486 559 663 611 opposita
690 563 789 597 sunt.

291 624 408 670 Quod
435 624 474 662 in
502 624 720 663 coniectura
745 638 831 663 mea
857 624 1083 663 vocabulum
1110 629 1309 676 ‚‚saeptus“
1336 623 1470 663 eodem
1497 623 1576 663 fere

163 686 278 725 modo
297 688 464 738 positum
483 693 552 735 est,
571 701 647 738 quo
665 687 866 735 „indutus“
893 693 959 726 aut
984 688 1203 735 ‚‚vesffitus,“
1229 688 1324 726 haec
1350 688 1450 726 illius
1469 688 1577 726 verbi

164 752 389 803 significatio
423 752 604 792 inusitata
631 751 794 804 quidem⁴
812 757 881 802 est,
918 752 986 792 sed
1013 753 1254 792 confirmatur
1279 752 1408 792 verbis
1435 751 1577 791 Ennia-

164 816 222 854 nis
252 816 449 866 (Ribbeck,
477 817 589 868 Trag.
607 817 719 855 Rom.
747 817 880 869 fragm.
909 819 986 856 285
1015 822 1055 856 et
1083 819 1190 867 287):
1218 817 1416 868 „Regnum
1443 817 1577 868 reliqui

163 886 350 934 saeptus
369 882 569 922 mendici
597 883 738 921 stola“
761 887 801 922 et
817 882 1008 931 „Caedem
1027 896 1144 922 caveo
1164 896 1250 921 eum
1268 882 1423 931 vestitu,
1451 895 1578 934 squa-

165 945 261 983 lida
275 951 461 997 saeptus
481 947 634 984 stola.“
660 947 771 993 Quae
786 947 862 985 duo
881 947 1056 985 Enniana
1075 948 1248 997 exempla
1265 947 1314 985 ad
1333 947 1579 985 corroboran-

166 1009 257 1049 dum
284 1024 409 1049 meum
436 1011 674 1063 propositum
702 1024 747 1050 eo
774 1011 955 1050 maiorem
981 1025 1042 1050 me
1064 1010 1190 1050 iudice
1209 1012 1288 1050 vim
1314 1010 1466 1059 habent,
1492 1024 1578 1049 cum

167 1075 302 1113 Silium
330 1076 369 1113 in
397 1067 561 1114 carmine
590 1076 790 1114 scribendo
809 1076 977 1114 Ennium
1005 1081 1092 1114 ante
1121 1076 1249 1114 oculos
1277 1076 1455 1115 habuisse
1482 1076 1578 1113 mul-

165 1144 278 1191 taque
307 1153 354 1178 ex
383 1141 464 1179 eius
493 1153 666 1179 sermone
695 1140 768 1179 sibi
796 1140 1047 1192 assumpsisse
1071 1140 1386 1179 verisimillimum
1415 1140 1473 1178 sit.
1514 1139 1577 1178 De

166 1204 438 1254 significatione
466 1206 573 1243 vocis
611 1210 818 1255 ,‚tegmen“‚
851 1205 919 1243 cfr.
946 1206 1030 1253 loci,
1063 1206 1193 1256 quales
1227 1210 1333 1243 sunt:
1377 1205 1453 1243 Ov.
1481 1205 1577 1243 Met.

165 1268 285 1317 XIV,
316 1270 408 1308 166:
451 1269 560 1318 „Jam
583 1283 685 1317 suus,
713 1274 752 1308 et
779 1269 899 1322 spinis
927 1274 1101 1308 conserto
1129 1270 1295 1321 tegmine
1322 1269 1447 1317 nullis,
1474 1268 1578 1307 fatur

165 1334 511 1373 Achaemenides:“
566 1334 644 1373 Cic.
672 1335 785 1374 Tusc.
812 1335 867 1383 V,
897 1338 958 1383 32,
989 1337 1037 1374 90
1065 1335 1179 1383 „mihi
1208 1335 1367 1374 amictus
1396 1339 1455 1373 est
1482 1333 1577 1385 Scy-

164 1398 308 1437 thicum
335 1404 535 1450 tegumen“
562 1399 710 1451 aliique.

561 1584 672 1633 Lib.
707 1585 792 1643 VI,
828 1598 909 1633 vv.
945 1586 1215 1634 609—611.

271 1722 454 1761 Romanis
483 1722 725 1762 acerbissima
751 1722 816 1761 illa
841 1736 968 1775 pugna
986 1722 1035 1761 ad
1052 1723 1176 1761 laeum
1194 1723 1484 1762 Trasimennum
1512 1722 1577 1761 de—

162 1788 286 1836 victis,
305 1801 390 1826 cum
408 1789 483 1826 iam
501 1788 696 1826 Hannibal
724 1788 763 1826 in
782 1788 928 1827 Romae
952 1802 1080 1827 muros
1109 1789 1303 1837 „victricia
1321 1788 1450 1840 signa“
1477 1788 1576 1826 ferre

162 1858 328 1905 pararet,
360 1853 540 1905 Juppiter
566 1854 605 1892 in
633 1853 785 1892 Albano
818 1858 947 1893 monte
975 1853 1113 1893 sedens
1141 1853 1274 1892 urbem
1302 1853 1350 1892 ad
1383 1853 1576 1891 interitum

162 1932 282 1970 paene
310 1923 531 1969 vergentem
567 1932 719 1957 servare
747 1919 947 1957 constituit
978 1919 1211 1970 fulmineque
1239 1932 1375 1970 magno
1403 1932 1488 1956 cum
1518 1923 1577 1956 to-

162 1984 264 2021 nitru
291 1984 443 2022 incusso
470 1983 602 2022 Poeno
630 1988 778 2021 tantum
812 1988 995 2023 terrorem
1023 1984 1163 2032 iniecit,
1191 1989 1234 2021 ut
1261 1997 1284 2021 a
1311 1983 1469 2021 consilio
1497 1983 1577 2021 Ro-

162 2061 246 2086 mae
280 2047 557 2099 oppugnandae
590 2047 802 2086 desisteret.
858 2047 979 2086 Simul
1013 2048 1085 2086 hoe
1118 2048 1228 2086 Jovis
1266 2048 1374 2098 signo
1402 2048 1576 2095 Romani,

161 2118 205 2151 ut
240 2126 429 2152 summum
455 2113 655 2165 imperium
691 2112 739 2152 ad
768 2112 844 2161 Qu.
871 2113 1034 2152 Fabium
1067 2113 1279 2152 Maximum
1307 2111 1577 2151 Cunctatorem

162 2177 364 2225 deferrent,
392 2177 545 2229 impulsi
573 2182 672 2225 sunt,
699 2177 741 2216 id
768 2177 872 2229 quod
899 2192 922 2216 a
948 2183 1062 2229 poeta
1088 2178 1147 2216 his
1177 2177 1302 2216 verbis
1337 2178 1576 2228 exprimitur:

288 2243 394 2291 „Nec
421 2242 594 2281 Poenum
621 2243 805 2282 avertisse
834 2243 927 2282 satis
934 2258 944 2292 ς
973 2242 1039 2281 dat
1066 2242 1218 2281 numine
1246 2256 1384 2294 magno

288 2307 483 2347 Aeneadis
510 2313 688 2356 mentem,
714 2308 857 2360 gremio
886 2307 1076 2360 deponere
1103 2313 1186 2346 tuto

287 2373 514 2412 Romuleam
541 2373 695 2413 tandem
721 2373 916 2425 Fabioque
945 2373 1077 2412 salutis
1105 2372 1271 2412 habenas

289 2437 455 2477 Credere
483 2438 665 2477 duetori.“
