1747 2820
814 99 861 136 11

133 213 244 254 basse
282 214 373 253 mihi
413 214 557 264 videor,
596 215 646 255 ob
686 229 769 254 eam
808 228 960 254 causam
999 215 1175 267 colligere
1215 219 1400 263 vetamur,
1439 213 1542 267 quod

132 279 260 317 multis
287 279 437 317 indiciis
465 281 564 318 clare
592 280 884 327 demonstratur,
913 279 1048 319 Silium
1075 282 1115 318 in
1142 285 1223 318 tota
1240 280 1313 318 hac
1340 294 1382 318 re
1401 279 1543 318 descri-

131 342 257 382 benda
280 342 329 382 ad
346 343 501 383 Livium
521 349 693 383 accurate
712 357 754 382 se
773 344 995 396 applicasse.
1034 343 1225 396 Equidem
1243 343 1349 382 illum
1377 357 1542 382 errorem

131 414 266 459 poetae
285 415 476 448 momento
491 411 576 460 ipso
591 409 791 457 scribendi,
810 415 854 448 ut
871 410 925 448 ita
939 409 1073 457 dicam,
1087 409 1302 460 obrepsisse
1318 409 1541 448 existimem.

259 472 341 511 Iam
378 472 577 512 redeamus
615 472 664 512 ad
691 473 814 512 locum
851 487 887 513 v.
915 476 940 512 4
975 478 1038 522 „at
1072 478 1180 525 parte
1216 487 1237 512 e
1264 473 1407 522 laeva“,
1441 472 1542 511 unde

130 539 294 590 profecti
333 553 472 578 sumus.
535 539 691 588 Restat,
730 544 774 578 ut
812 539 1101 579 Schlichteiseni
1166 538 1441 591 interpretandi
1482 552 1542 578 ra-

131 603 283 649 tionem,
321 603 379 641 cui
417 603 589 641 Bauerus
625 603 742 652 favet,
778 617 1124 642 commemoremus.
1190 604 1300 641 Haec
1334 609 1423 641 sunt
1459 604 1541 641 eius

130 668 265 707 verba:
308 668 496 716 „Tantum
535 668 659 717 abest,
698 673 741 707 ut
779 668 882 720 quod
919 668 1034 707 colles
1074 668 1151 717 IV,
1191 670 1269 707 824
1314 667 1414 707 laevi
1449 667 1542 706 dicti

131 736 235 779 sunt,
269 732 343 770 hoc
370 745 456 769 cum
483 732 567 770 loco
602 737 733 770 nostro
768 738 922 783 pugnet,
959 738 1012 780 ut,
1040 734 1073 770 si
1113 746 1144 770 e.
1171 747 1206 783 g.
1234 732 1492 770 Hannibalem
1520 746 1543 769 a

130 796 287 836 meridie
334 797 485 836 collium
532 798 829 850 septentrionem
875 811 1009 837 versus
1053 797 1152 837 lacui
1200 797 1463 850 oppositorum
1503 801 1542 835 et

130 862 354 901 occidentali
381 863 491 901 litore
519 863 558 901 in
587 865 780 914 angustias
819 868 1049 915 penetrasse,
1088 862 1226 902 deinde
1263 868 1388 901 autem
1416 863 1541 901 fronte

130 942 241 966 versa
260 927 477 967 consedisse
496 929 746 980 posuerimus,
762 927 887 968 iidem
908 928 1034 977 colles,
1053 941 1148 980 quos
1167 932 1254 967 ante
1274 927 1323 966 ad
1351 928 1540 966 sinistram

129 1006 279 1031 manum
316 993 438 1031 Poeni
473 993 692 1041 habuerint,
732 993 781 1031 ad
817 993 1001 1041 dextram,
1039 993 1144 1032 lacus
1180 1006 1270 1031 vero
1308 992 1356 1031 ad
1392 993 1541 1031 laevam

129 1057 193 1095 siti
221 1057 331 1096 sint.“
376 1057 449 1096 Cui
477 1057 719 1109 explicationi
747 1057 971 1109 adstipulari
998 1071 1075 1096 non
1102 1062 1311 1105 cunctarer,
1339 1057 1372 1095 si
1391 1056 1541 1095 Hanni—

129 1122 252 1160 balem
288 1136 422 1160 revera
460 1122 626 1160 frontem
665 1123 826 1161 vertisse
863 1136 885 1160 a
912 1127 1027 1173 poeta
1063 1122 1206 1160 dictum
1243 1127 1355 1160 esset.
1410 1122 1540 1168 Quare

129 1199 199 1237 ego
228 1186 338 1225 aliter
364 1200 443 1225 rem
478 1186 657 1239 expedire
687 1186 833 1225 studeo.
873 1187 973 1225 Puto
1001 1187 1101 1225 enim
1130 1186 1358 1225 vocabulum
1387 1186 1541 1234 ‚‚laeva“

128 1251 270 1289 dictum
300 1266 382 1290 esse
406 1266 452 1290 ex
471 1258 675 1303 prospectu
696 1252 791 1300 Silii,
816 1253 876 1290 cui
896 1266 997 1300 sane,
1022 1266 1108 1290 cum
1126 1252 1322 1290 Romanus
1342 1265 1365 1290 a
1383 1251 1540 1290 meridie

127 1320 246 1354 totam
281 1316 478 1367 regionem
506 1321 705 1368 spectaret,
743 1317 847 1355 lacus
883 1317 1003 1363 laeva,
1031 1317 1147 1355 colles
1178 1316 1313 1354 dextra
1340 1320 1448 1367 parte
1477 1316 1540 1354 siti

127 1387 243 1420 erant.
299 1382 426 1420 Aliter
453 1381 608 1433 quidem
641 1396 701 1421 res
730 1396 772 1421 se
800 1381 915 1421 habet
951 1383 990 1420 in
1019 1381 1168 1421 duobus
1197 1382 1293 1430 aliis,
1332 1395 1427 1433 quos
1464 1381 1539 1420 iam

128 1448 278 1497 saepius
316 1447 437 1494 attuli,
473 1447 577 1485 locis.
634 1449 682 1497 (v.
712 1449 790 1485 824
817 1447 841 1485 1.
869 1447 947 1495 IV,
975 1452 1014 1486 et
1042 1461 1077 1486 v.
1109 1449 1158 1485 95
1187 1447 1210 1485 l.
1239 1446 1294 1496 V)
1349 1446 1412 1485 Ibi
1440 1447 1539 1484 enim

126 1524 310 1563 personae
338 1525 361 1549 a
388 1516 502 1563 poeta
529 1512 728 1563 loquentes
756 1511 998 1558 inducuntur,
1036 1517 1079 1550 ut
1105 1512 1192 1550 illae
1219 1511 1388 1549 locorum
1425 1511 1541 1562 signi-

125 1577 318 1615 ficationes
348 1590 395 1615 ex
434 1590 564 1615 eorum
602 1582 748 1615 tantum
788 1582 994 1629 prospectu
1030 1576 1300 1628 intelligendae
1340 1576 1426 1624 sint,
1454 1590 1540 1614 cum

125 1641 165 1678 in
193 1654 306 1679 versu
334 1643 359 1679 4
386 1646 500 1693 poeta
526 1642 609 1693 ipse
645 1641 749 1680 lacus
785 1642 998 1680 Trasimeni
1027 1642 1248 1692 vicinaeque
1284 1641 1448 1692 regionis
1484 1641 1540 1678 fa-

125 1705 223 1745 ciem
250 1705 450 1754 describat.

556 1849 666 1897 Lib.
702 1848 759 1908 V,
795 1862 842 1898 v.
878 1849 940 1898 63
965 1861 1109 1909 seqq.

252 1977 300 2015 In
329 1976 593 2015 enumerandis
631 1976 827 2028 prodigiis,
867 1990 963 2027 quae
992 1982 1079 2015 ante
1107 1977 1293 2029 proelium
1330 1976 1379 2014 ad
1414 1977 1537 2014 lacum

123 2042 412 2081 Trasimennum
452 2042 594 2080 factum
624 2041 825 2080 observata
852 2055 936 2080 esse
965 2041 1081 2081 Silius
1114 2046 1251 2090 narrat,
1287 2041 1359 2080 hoc
1387 2055 1538 2094 quoque

124 2120 234 2145 omen
262 2112 591 2145 commemoratur:

314 2171 421 2220 „Neo
448 2184 563 2210 rauco
591 2175 721 2210 taurus
749 2170 916 2209 cessavit
943 2170 1068 2209 flebile
1096 2170 1146 2209 ad
1174 2184 1258 2210 aras

315 2236 521 2288 Immugire
551 2249 656 2285 sono,
683 2249 928 2288 pressamque
956 2235 1006 2274 ad
1033 2236 1131 2274 colla
1157 2236 1361 2288 bipennem

315 2301 468 2341 Incerta
495 2301 644 2342 cervice
672 2301 800 2340 ferens
829 2301 962 2340 altaria
988 2301 1132 2353 liquitJ‘

253 2432 262 2448 ¹
286 2431 306 2462 1.
330 2431 351 2462 l.
376 2442 406 2473 p.
433 2432 502 2463 112.
