1747 2820
814 97 863 141 15

132 213 258 264 incola
284 222 474 273 Saetabis,
505 222 610 262 urbis
637 221 849 275 Hispaniae
880 234 1000 275 prope
1028 220 1237 262 Sucronem
1269 221 1409 261 flumen
1438 221 1544 272 sitae,

134 302 230 341 quae
257 290 297 327 in
324 289 411 328 libri
437 288 506 327 ΠΙ
532 302 596 328 vv.
617 289 699 339 373]
715 289 793 327 374
821 287 873 338 (in
900 287 1071 339 catalogo
1090 287 1318 326 Hannibalis
1337 288 1544 340 copiarum)

133 359 173 393 et
199 354 222 393 l.
240 354 362 404 XVI,
389 369 426 394 v.
445 355 536 402 474,
563 352 666 392 dicta
682 357 762 392 ·est.
811 352 874 392 De
902 352 1078 393 vocabuli
1104 352 1229 391 forma
1256 352 1324 392 cfr.
1344 352 1428 392 Cat.
1447 352 1547 402 XII,

136 421 201 457 14:
230 418 406 468 „sudaria
433 418 628 458 Saetaba“.

547 612 658 663 Lib.
692 612 749 674 V,
784 625 831 663 v.
864 612 959 663 410
994 624 1138 674 seqq.

324 741 430 792 „Nec
456 741 608 795 Bagaso
636 741 804 781 exultare
832 741 993 781 daturve
1020 742 1174 794 impune
1201 740 1386 790 relictum,

326 807 504 846 Consulis
532 812 620 846 ante
648 807 779 846 oculos
807 808 889 846 vita
915 807 1099 858 spoliasse
1126 807 1350 845 Libonem.“

260 871 309 910 In
336 872 461 924 priore
488 885 604 911 versu
630 871 815 910 tradendo
842 871 929 910 libri
957 876 996 909 et
1022 884 1136 909 manu
1163 876 1203 909 et
1233 871 1337 923 typis
1365 870 1551 924 descripti·

132 938 232 975 inter
258 950 299 975 se
319 936 559 975 dissentiunt.
609 936 671 975 Ac
696 936 860 988 primum
887 935 1052 987 quidem,
1080 949 1176 987 quae
1204 936 1242 974 in
1271 935 1466 976 codicibus
1493 937 1548 975 le-

131 1006 282 1053 guntur,
309 1000 517 1040 videamus.
569 1000 763 1053 Scriptum
790 1005 850 1039 est
875 1000 916 1039 in
944 1000 1163 1039 Coloniensi
1190 1005 1354 1039 testante
1382 1000 1547 1039 Heinsio

131 1066 347 1115 ‚,daturve“‚
379 1067 419 1104 in
451 1066 534 1104 cod.
561 1066 819 1105 Laurentiano
852 1071 892 1104 et
918 1079 949 1104 c.
976 1065 1198 1104 Florentino
1225 1065 1361 1114 „datur
1389 1071 1469 1114 ve“,
1507 1066 1546 1104 in

133 1130 282 1169 duobus
310 1130 394 1168 aliis
414 1129 670 1182 Sangallensis
698 1129 926 1182 apographis
954 1129 1073 1179 (libris
1093 1129 1141 1168 O.
1161 1134 1200 1167 et
1218 1129 1284 1179 V.)
1313 1129 1448 1178 „datur
1465 1135 1546 1168 ne“.

133 1195 212 1234 Sed
238 1201 373 1234 neutra
399 1194 532 1233 harum
558 1195 764 1234 lectionum
791 1208 852 1233 me
875 1194 1004 1247 judice
1024 1194 1072 1233 ab
1091 1194 1194 1233 omni
1221 1199 1329 1246 parte
1352 1194 1546 1234 satisfacit.

53 1259 57 1263 ”
133 1260 366 1312 Scripturam
393 1261 806 1312 praestantissimorum
832 1260 1013 1299 librorum
1032 1259 1238 1308 „daturve“
1266 1260 1348 1308 soli,
1376 1260 1450 1299 nisi
1477 1260 1547 1298 fal-

131 1325 200 1374 lor,
229 1339 379 1365 servare
399 1324 555 1364 student
572 1325 736 1364 Bothius
755 1330 795 1364 et
821 1325 1004 1364 Bauerus.
1051 1324 1156 1363 Ηίο1
1186 1324 1290 1374 illam
1316 1317 1547 1364 locutionem

132 1390 191 1429 his
220 1391 348 1429 verbis
376 1391 585 1442 explicasse
613 1390 687 1429 sibi
714 1390 883 1429 videtur:
915 1390 994 1439 „Es
1030 1391 1082 1428 ist
1115 1389 1176 1428 die
1205 1390 1546 1429 Ausdrucksweise

132 1456 188 1494 als
228 1456 290 1494 ein
328 1455 548 1495 verkiirzter
586 1455 788 1495 Chiasmus
827 1469 875 1494 zu
915 1455 1137 1494 betrachten
1172 1455 1236 1493 fiir
1270 1468 1358 1494 »nec
1394 1455 1546 1507 Bagaso

133 1521 302 1558 exultare
330 1520 441 1558 datur
465 1520 624 1559 daturve
652 1521 806 1572 impune
833 1520 1033 1558 relictum«.
1081 1520 1247 1559 Obwohl
1274 1522 1347 1558 mir
1366 1520 1428 1558 die
1445 1520 1547 1561 Ver-

131 1584 319 1636 bindung:
348 1584 482 1634 „datur
507 1585 662 1637 impune
689 1585 886 1624 relictum“
913 1589 1029 1623 etwas
1056 1584 1143 1623 hart
1167 1584 1369 1634 erscheint,
1396 1585 1546 1623 mochte

132 1650 194 1688 ich
212 1649 312 1689 doch
331 1649 393 1688 die
412 1650 691 1701 Beibehaltung
709 1649 777 1688 der
803 1649 1167 1688 handsehrifflichen
1186 1650 1324 1688 Lesart
1348 1649 1417 1689 der
1434 1649 1546 1688 Kon-

126 1714 258 1768 Jektur
290 1728 367 1755 von
397 1714 582 1754 Heinsius
618 1714 762 1767 (datum
793 1717 918 1767 atque)
950 1714 1188 1754 vorziehen.“
1241 1714 1369 1761 Quam
1404 1714 1545 1754 Baueri

131 1782 483 1832 interpretationem
508 1782 620 1833 plane
649 1780 901 1833 spernendam
918 1794 959 1819 es
981 1794 1003 1819 e
1031 1794 1180 1828 censeo,
1207 1794 1295 1819 cum
1322 1781 1397 1819 tale
1424 1795 1545 1832 genus

131 1845 295 1894 dicendi,
313 1846 423 1897 quale
442 1850 502 1884 est
521 1845 657 1894 „datur
674 1846 828 1898 impune
846 1794 1052 1949 religssff,
1073 1859 1150 1884 non
1169 1845 1291 1883 solum
1309 1845 1545 1897 aliquatenus

132 1910 279 1959 durum,
306 1915 350 1948 ut
376 1910 563 1962 interpres
582 1912 665 1962 ipse
683 1910 871 1959 concedit,
898 1924 916 1949 s
941 1909 968 1948 d
994 1910 1147 1948 minime
1170 1910 1436 1961 perferendum
1461 1924 1545 1949 esse

131 1975 225 2013 mihi
265 1974 450 2013 videatur.
504 1975 708 2014 Praeterea
748 1988 859 2027 aegre
897 1988 982 2013 mea
1023 1975 1211 2013 sententia
1252 1975 1434 2013 nonnulla
1473 1975 1546 2013 alia

132 2040 306 2093 exempla
341 2039 547 2090 desideras,
586 2041 722 2093 quibus
757 2040 823 2080 illa
860 2040 1040 2093 loquendi
1078 2040 1202 2079 forma
1206 2075 1218 2094 ζ
1253 2054 1368 2092 quam
1395 2041 1546 2080 Bauero

132 2111 367 2144 contractum
394 2106 603 2144 chiasmum
630 2100 821 2158 appellare
848 2106 953 2154 libet,
980 2106 1167 2156 fulciatur.
1220 2105 1320 2144 Sane
1348 2106 1444 2144 tales
1472 2107 1545 2144 loci

132 2184 207 2209 non
254 2183 409 2223 prorsus
451 2170 592 2211 desunt
634 2170 715 2222 (cfr.
742 2170 839 2210 Hor.
867 2176 936 2210 sat.
963 2170 1023 2220 11,
1059 2173 1100 2220 3,
1135 2172 1210 2209 180
1258 2176 1366 2220 „uter
1412 2170 1545 2210 aedilis

131 2236 297 2276 fueritve
325 2241 500 2288 praetor“
527 2250 613 2289 pro:
642 2242 728 2276 uter
749 2236 882 2276 aedilis
909 2236 1024 2275 fuerit
1050 2236 1213 2275 fueritve
1236 2242 1400 2288 praetor,
1426 2237 1482 2285 H,
1511 2240 1546 2285 3,

134 2304 229 2351 1303
259 2304 294 2351 3,
324 2304 400 2341 139
408 2317 419 2351 ς
447 2301 568 2355 Verg.
596 2302 695 2342 Aen.
722 2302 822 2352 XII,
851 2303 941 2354 904)
970 2301 1038 2341 sed
1066 2302 1204 2341 similia
1230 2303 1270 2341 in
1299 2301 1384 2342 Silii
1412 2302 1546 2341 carmi-

264 2445 275 2462 ¹
298 2443 507 2477 Fleckeisens
529 2444 751 2486 Jahrbucher,
776 2445 859 2477 1888
881 2455 914 2487 p.
938 2445 1045 2489 203s4.
